2492 4207
368 244 448 304 ³0
846 230 869 237 ”
1052 313 1059 320 ,
1146 249 1596 307 ALcmAnne

482 415 815 492 praefeotum
858 413 1044 491 Regis
1091 412 1276 487 Darii,
1318 432 1384 473 se
1427 411 1686 472 eontulit.
1769 411 1952 488 Cuius
1992 430 2165 488 quum
2217 413 2279 472 in
2347 434 2350 435 ⁷

484 508 743 568 intimam
771 509 1083 569 amicitiam
1108 509 1481 587 pervenisset,
1514 521 1574 568 et
1620 507 2085 583 Atheniensium,
2127 509 2279 571 mele

481 605 667 682 gestis*
687 606 746 663 in
777 606 978 664 Sicilia
999 608 1190 680 rebus,
1217 626 1357 684 opes
1398 624 1723 680 senescere,
1770 604 1972 677 centra
2012 605 2285 665 Laceda-

480 702 801 765 meniorum
827 696 1109 778 creseere,
1137 704 1396 774 videret3
1440 703 1610 762 initio
1646 722 1778 762 cum
1820 703 2101 762 Pisandro
2143 723 2284 782 μω-

402 799 443 857 5
480 809 622 874 tore,
651 801 749 876 qui
776 801 931 878 apud
955 802 1192 859 Samum
1218 801 1538 871 exercitum
1576 800 1844 874 habebat,
1871 818 1973 876 per
1991 798 2285 861 internun-

480 896 591 956 tios
615 899 977 975 colloquitur,
1003 908 1064 956 et
1089 898 1161 955 de
1189 897 1378 957 reditu
1405 904 1518 956 suo
1537 897 1677 956 faeit
1692 896 2061 956 mentionem.
2143 896 2288 956 Erat

481 993 638 1053 enim
685 997 907 1067 eodem,
955 1014 1069 1070 quo
1122 995 1479 1068 Alcibiades,
1534 1013 1727 1067 sensu,
1781 992 1974 1070 populi
2014 992 2289 1070 potentio

481 1108 598 1150 non
627 1091 865 1164 amicuS,
893 1102 953 1150 et
992 1091 1330 1168 optimatum
1374 1092 1574 1150 fautor.
1657 1091 1754 1149 Ab
1803 1092 1913 1149 hoc
1959 1089 2286 1165 destitutus,

478 1183 725 1263 primum
781 1207 883 1263 per
935 1187 1389 1265 Thrasybulum,
1445 1188 1592 1265 Lyci
1645 1188 1847 1262 filium,
1903 1188 1976 1246 ab
2027 1186 2287 1246 exercitu

366 1282 441 1340 10
480 1283 772 1358 recipitur,
794 1295 1110 1358 praetorque
1132 1284 1196 1342 fit
1238 1284 1389 1359 apud
1429 1285 1704 1356 Samum3
1739 1283 1896 1361 post,
1936 1283 2287 1360 suffragante

479 1376 868 1451 Theramene,
895 1379 1239 1456 populiscitu
1265 1378 1603 1452 restituitur,
1651 1380 1887 1456 parique
1936 1379 2143 1436 absens
2184 1378 2287 1436 im·

478 1471 638 1549 perio
663 1474 973 1550 praeficitur
993 1475 1163 1533 simul
1206 1493 1340 1533 cum
1381 1473 1749 1550 Thrasybulo
1790 1488 1850 1535 et
1895 1474 2282 1533 Theramene.

480 1566 705 1626 Horum
733 1569 791 1627 in
822 1569 1061 1647 imperio
1088 1582 1251 1629 tanta
1269 1569 1642 1630 commutatio
1668 1589 1858 1628 rerum
1887 1571 2044 1628 facta
2082 1582 2189 1644 est,
2223 1583 2286 1629 ut

479 1663 927 1738 Lacedaemonii,
949 1666 1047 1741 qui
1073 1665 1245 1741 paulo
1276 1665 1411 1722 ante
1440 1664 1684 1722 victores
1718 1663 2039 1740 viguerant,
2075 1677 2287 1741 perter-

369 1756 442 1820 35
479 1758 574 1818 riti
602 1777 806 1835 pacem
834 1772 1112 1838 peterent.
1194 1759 1360 1820 Victi·
1382 1758 1537 1817 eiu-'mi
1583 1771 1748 1818 erant
1789 1758 2038 1835 quinque
2070 1761 2285 1836 proeliis

477 1856 862 1930 terrestribus,
891 1857 1075 1915 tribus
1105 1856 1405 1916 navalibus
1429 1876 1443 1927 3
1487 1856 1547 1914 in
1573 1855 1780 1932 quibus
1806 1855 2085 1914 ducentas
2110 1875 2285 1925 naves

477 1952 739 2011 triremes
808 1953 1135 2026 amiserant,
1209 1973 1336 2029 quae
1390 1965 1572 2029 captae
1621 1952 1686 2009 in
1728 1952 1982 2010 hostium
2012 1963 2285 2010 venerant

478 2058 836 2122 potestatem.
934 2047 1273 2105 Alcibiades
1321 2047 1490 2105 simul
1534 2066 1671 2103 cum
1714 2046 1952 2124 collegis
1993 2060 2285 2125 receperat

483 2140 727 2213 Ioniam,
753 2141 1212 2216 Hellespontum,
1241 2141 1451 2197 multas
1491 2151 1770 2216 praeterea
1816 2141 1987 2199 urbes
2027 2143 2282 2217 Graecas,

362 2235 443 2293 ⁴20
481 2252 606 2309 quae
636 2235 696 2291 in
724 2234 826 2293 ors
853 2234 977 2293 sitae
1020 2246 1153 2293 sunt
1196 2234 1376 2307 Asiae,
1404 2253 1645 2309 quarum
1691 2234 2092 2312 expugnarant
2131 2257 2285 2299 com·

480 2332 692 2410 plures,
723 2331 782 2389 in
811 2331 902 2389 his
942 2330 1324 2407 Byzantium3
1367 2349 1554 2405 neque
1580 2327 1778 2389 minus
1798 2331 2008 2389 multas
2044 2333 2286 2393 consilio

486 2428 555 2485 ad
608 2426 920 2486 amicitiam
968 2427 1368 2504 adjunxerant,
1422 2425 1574 2503 quod
1624 2427 1686 2485 in
1733 2438 1930 2503 captos
1977 2428 2284 2488 clementii

487 2526 714 2583 fuerant
754 2524 860 2582 usi.
946 2523 1092 2582 Inde
1132 2523 1329 2600 praedfi.
1376 2522 1587 2598 onusti,
1614 2524 1961 2600 locupletato
2003 2524 2281 2607 eremiti-1,

486 2619 748 2678 maximis
775 2619 946 2679 rebus
973 2619 1169 2695 gestiS,
1195 2620 1459 2678 Athenas
1479 2630 1775 2677 venerunt.

272 2749 296 2784 χ
367 2717 448 2774 25
562 2715 670 2773 VI.
754 2714 866 2772 His
891 2734 1066 2790 quum
1112 2714 1340 2773 obviam
1383 2715 1649 2774 universa
1690 2715 1891 2774 civitas
1933 2714 1995 2772 in
2038 2716 2281 2774 Piraeum

487 2811 899 2884 descendisset,
928 2822 1088 2871 tanta
1115 2810 1222 2869 fuit
1248 2812 1504 2870 omnium
1531 2810 1851 2887 expectatio
1878 2810 2099 2869 visendi
2127 2811 2284 2869 Alci·

486 2909 693 2982 biadis,
721 2920 786 2967 ut
814 2908 886 2966 ad
912 2908 1037 2984 ejus
1079 2906 1367 2966 triremem
1414 2906 1618 2982 vulgus
1659 2905 1992 2979 conflueret,
2043 2906 2283 2982 proinde

491 3024 560 3063 ac
587 3001 636 3063 si
663 3006 816 3064 solus
844 3003 1182 3063 advenisset.
1267 3003 1367 3061 Sic
1387 3003 1542 3060 enirn
1562 3002 1771 3079 populo
1788 3015 1910 3062 erat
1927 3019 2283 3080 persuasum,

489 3111 550 3158 et
577 3102 841 3160 adversas
869 3099 1207 3177 superiores,
1235 3111 1294 3158 et
1317 3109 1627 3175 praesentes
1670 3099 1952 3157 secundas
1992 3114 2084 3154 res
2133 3096 2283 3156 acci-

375 3194 454 3251 30
492 3193 644 3251 disse
665 3196 790 3272 ejus
814 3195 1004 3274 opera.
1086 3194 1290 3270 Itaque
1318 3205 1376 3252 et
1420 3193 1632 3251 Siciliae
1668 3196 1956 3265 amissum,
2000 3203 2060 3250 et
2103 3192 2282 3252 Lace·

493 3288 900 3349 daemoniorum
922 3290 1185 3349 victorias
1212 3290 1393 3365 culpae
1422 3308 1538 3347 suae
1559 3289 1905 3360 tribuebant,
1927 3285 2081 3363 quod
2109 3291 2281 3348 talem

494 3383 677 3441 virum
729 3380 761 3443 e
815 3387 1042 3450 civitate
1089 3386 1453 3462 expulissent.
1556 3385 1758 3461 Neque
1812 3383 1870 3440 id
1925 3383 2049 3442 sine
2104 3385 2281 3444 causa

498 3479 757 3538 arbitrari
781 3481 1132 3542 videbantur.
1213 3481 1368 3539 Nam
1394 3493 1692 3558 postquam
1730 3478 2006 3539 exercitui
2037 3499 2280 3556 praeesse
