<?xml version="1.0" encoding="UTF-8"?>
<!DOCTYPE html PUBLIC "-//W3C//DTD XHTML 1.0 Transitional//EN"
    "http://www.w3.org/TR/xhtml1/DTD/xhtml1-transitional.dtd">
<html xmlns="http://www.w3.org/1999/xhtml" xml:lang="en" lang="en">
 <head>
  <title>
</title>
<meta http-equiv="Content-Type" content="text/html;charset=utf-8" />
  <meta name='ocr-system' content='tesseract 3.04.00' />
  <meta name='ocr-capabilities' content='ocr_page ocr_carea ocr_par ocr_line ocrx_word'/>
</head>
<body>
  <div class='ocr_page' id='page_1' title='image "./devitaexcellent00haywgoog_0045.png"; bbox 0 0 2492 4207; ppageno 0'>
   <div class='ocr_carea' id='block_1_1' title="bbox 916 272 2167 331">
    <p class='ocr_par' dir='ltr' id='par_1_1' title="bbox 916 272 2167 331">
     <span class='ocr_line' id='line_1_1' title="bbox 916 272 2167 331; baseline 0.003 -4"><span class='ocrx_word' id='word_1_1' title='bbox 916 278 1440 329; x_wconf 84' lang='lat' dir='ltr'>THRASYBULUS.</span> <span class='ocrx_word' id='word_1_2' title='bbox 2091 272 2167 331; x_wconf 74' lang='grc'>35</span> 
     </span>
    </p>
   </div>
   <div class='ocr_carea' id='block_1_2' title="bbox 260 436 2161 1845">
    <p class='ocr_par' dir='ltr' id='par_1_2' title="bbox 265 436 2161 1461">
     <span class='ocr_line' id='line_1_2' title="bbox 277 436 2091 514; baseline 0.003 -20"><span class='ocrx_word' id='word_1_3' title='bbox 277 448 571 513; x_wconf 83' lang='lat' dir='ltr'><strong>postquam</strong></span> <span class='ocrx_word' id='word_1_4' title='bbox 598 436 733 495; x_wconf 88' lang='lat' dir='ltr'>inde</span> <span class='ocrx_word' id='word_1_5' title='bbox 758 439 1024 514; x_wconf 84' lang='lat' dir='ltr'>expulsus</span> <span class='ocrx_word' id='word_1_6' title='bbox 1049 438 1287 496; x_wconf 81' lang='lat' dir='ltr'>Thebas</span> <span class='ocrx_word' id='word_1_7' title='bbox 1312 438 1546 511; x_wconf 83' lang='lat' dir='ltr'>venerit,</span> <span class='ocrx_word' id='word_1_8' title='bbox 1568 437 1714 497; x_wconf 73' lang='lat' dir='ltr'>adeo</span> <span class='ocrx_word' id='word_1_9' title='bbox 1734 439 1937 498; x_wconf 82' lang='lat' dir='ltr'>studiis</span> <span class='ocrx_word' id='word_1_10' title='bbox 1955 459 2048 498; x_wconf 91' lang='lat' dir='ltr'>eo-</span> <span class='ocrx_word' id='word_1_11' title='bbox 2086 444 2091 461; x_wconf 93' lang='lat'>&#39;</span> 
     </span>
     <span class='ocr_line' id='line_1_3' title="bbox 275 532 2050 611; baseline 0.002 -21"><span class='ocrx_word' id='word_1_12' title='bbox 275 551 402 590; x_wconf 90' lang='lat' dir='ltr'>rum</span> <span class='ocrx_word' id='word_1_13' title='bbox 430 532 751 605; x_wconf 78' lang='lat' dir='ltr'>inservisse,</span> <span class='ocrx_word' id='word_1_14' title='bbox 780 544 842 591; x_wconf 86' lang='lat' dir='ltr'>ut</span> <span class='ocrx_word' id='word_1_15' title='bbox 869 552 1038 591; x_wconf 92' lang='lat' dir='ltr'>nemo</span> <span class='ocrx_word' id='word_1_16' title='bbox 1063 552 1196 590; x_wconf 88' lang='lat' dir='ltr'>eum</span> <span class='ocrx_word' id='word_1_17' title='bbox 1217 534 1410 591; x_wconf 88' lang='lat' dir='ltr'>labore</span> <span class='ocrx_word' id='word_1_18' title='bbox 1444 535 1796 611; x_wconf 79' lang='lat' dir='ltr'>corporisque</span> <span class='ocrx_word' id='word_1_19' title='bbox 1837 533 2050 593; x_wconf 84' lang='lat' dir='ltr'>viribus</span> 
     </span>
     <span class='ocr_line' id='line_1_4' title="bbox 265 627 2049 707; baseline 0.002 -22"><span class='ocrx_word' id='word_1_20' title='bbox 265 640 469 703; x_wconf 83' lang='lat' dir='ltr'>posset</span> <span class='ocrx_word' id='word_1_21' title='bbox 521 627 881 705; x_wconf 67' lang='lat' dir='ltr'>aequiparare,</span> <span class='ocrx_word' id='word_1_22' title='bbox 916 627 1140 705; x_wconf 88' lang='lat' dir='ltr'>(omnes</span> <span class='ocrx_word' id='word_1_23' title='bbox 1165 628 1322 685; x_wconf 90' lang='lat' dir='ltr'>enim</span> <span class='ocrx_word' id='word_1_24' title='bbox 1348 628 1552 686; x_wconf 84' lang='lat' dir='ltr'>Boeotii</span> <span class='ocrx_word' id='word_1_25' title='bbox 1582 629 1760 707; x_wconf 81' lang='lat' dir='ltr'>magis</span> <span class='ocrx_word' id='word_1_26' title='bbox 1799 629 2049 689; x_wconf 76' lang='lat' dir='ltr'>firmitati</span> 
     </span>
     <span class='ocr_line' id='line_1_5' title="bbox 274 720 2048 801; baseline 0.001 -19"><span class='ocrx_word' id='word_1_27' title='bbox 274 722 547 798; x_wconf 76' lang='lat' dir='ltr'>corporis,</span> <span class='ocrx_word' id='word_1_28' title='bbox 591 720 759 797; x_wconf 69' lang='lat' dir='ltr'>quam</span> <span class='ocrx_word' id='word_1_29' title='bbox 805 722 1023 798; x_wconf 86' lang='lat' dir='ltr'>ingenii</span> <span class='ocrx_word' id='word_1_30' title='bbox 1062 722 1312 795; x_wconf 67' lang='lat' dir='ltr'>acumini</span> <span class='ocrx_word' id='word_1_31' title='bbox 1364 722 1676 782; x_wconf 85' lang='lat' dir='ltr'>inserviunt</span> <span class='ocrx_word' id='word_1_32' title='bbox 1699 725 1743 801; x_wconf 85' lang='lat'>3)</span> <span class='ocrx_word' id='word_1_33' title='bbox 1802 726 2048 783; x_wconf 89' lang='lat' dir='ltr'>eundem</span> 
     </span>
     <span class='ocr_line' id='line_1_6' title="bbox 269 816 2125 893; baseline 0.002 -17"><span class='ocrx_word' id='word_1_34' title='bbox 269 818 428 893; x_wconf 79' lang='lat' dir='ltr'>apud</span> <span class='ocrx_word' id='word_1_35' title='bbox 457 816 937 891; x_wconf 76' lang='lat' dir='ltr'>Laeedaemonios‚</span> <span class='ocrx_word' id='word_1_36' title='bbox 965 836 1202 893; x_wconf 91' lang='lat' dir='ltr'>quorum</span> <span class='ocrx_word' id='word_1_37' title='bbox 1243 817 1494 876; x_wconf 89' lang='lat' dir='ltr'>moribus</span> <span class='ocrx_word' id='word_1_38' title='bbox 1535 836 1755 875; x_wconf 89' lang='lat' dir='ltr'>summa</span> <span class='ocrx_word' id='word_1_39' title='bbox 1785 819 1960 878; x_wconf 82' lang='lat' dir='ltr'>virtus</span> <span class='ocrx_word' id='word_1_40' title='bbox 1986 819 2046 878; x_wconf 88' lang='lat' dir='ltr'>in</span> <span class='ocrx_word' id='word_1_41' title='bbox 2083 820 2125 878; x_wconf 79' lang='lat'><strong>5</strong></span> 
     </span>
     <span class='ocr_line' id='line_1_7' title="bbox 269 911 2048 990; baseline 0.003 -23"><span class='ocrx_word' id='word_1_42' title='bbox 269 911 549 988; x_wconf 63' lang='lat' dir='ltr'>,patientia</span> <span class='ocrx_word' id='word_1_43' title='bbox 574 913 906 989; x_wconf 87' lang='lat' dir='ltr'>ponebatur,</span> <span class='ocrx_word' id='word_1_44' title='bbox 930 913 1015 970; x_wconf 83' lang='lat' dir='ltr'>sie</span> <span class='ocrx_word' id='word_1_45' title='bbox 1037 912 1257 971; x_wconf 83' lang='lat' dir='ltr'>duritiae</span> <span class='ocrx_word' id='word_1_46' title='bbox 1279 931 1340 970; x_wconf 88' lang='lat' dir='ltr'>se</span> <span class='ocrx_word' id='word_1_47' title='bbox 1362 912 1608 986; x_wconf 81' lang='lat' dir='ltr'>dedisse,</span> <span class='ocrx_word' id='word_1_48' title='bbox 1626 926 1689 971; x_wconf 90' lang='lat' dir='ltr'>ut</span> <span class='ocrx_word' id='word_1_49' title='bbox 1707 914 2048 990; x_wconf 59' lang='lat' dir='ltr'>parsimonia</span> 
     </span>
     <span class='ocr_line' id='line_1_8' title="bbox 272 1005 2043 1082; baseline 0.002 -19"><span class='ocrx_word' id='word_1_50' title='bbox 272 1005 456 1064; x_wconf 72' lang='lat' dir='ltr'>vietus</span> <span class='ocrx_word' id='word_1_51' title='bbox 508 1018 674 1082; x_wconf 89' lang='lat' dir='ltr'>atque</span> <span class='ocrx_word' id='word_1_52' title='bbox 726 1007 913 1066; x_wconf 79' lang='lat' dir='ltr'>eultfis</span> <span class='ocrx_word' id='word_1_53' title='bbox 965 1026 1162 1065; x_wconf 88' lang='lat' dir='ltr'>omnes</span> <span class='ocrx_word' id='word_1_54' title='bbox 1195 1007 1687 1067; x_wconf 82' lang='lat' dir='ltr'>·Laeedaemonios</span> <span class='ocrx_word' id='word_1_55' title='bbox 1759 1008 2043 1080; x_wconf 53' lang='lat' dir='ltr'>vincerem</span> 
     </span>
     <span class='ocr_line' id='line_1_9' title="bbox 271 1100 2047 1179; baseline 0.002 -22"><span class='ocrx_word' id='word_1_56' title='bbox 271 1100 444 1178; x_wconf 78' lang='lat' dir='ltr'>fuisse</span> <span class='ocrx_word' id='word_1_57' title='bbox 467 1103 615 1178; x_wconf 87' lang='lat' dir='ltr'>apud</span> <span class='ocrx_word' id='word_1_58' title='bbox 633 1101 914 1174; x_wconf 74' lang='lat' dir='ltr'>Thracas,</span> <span class='ocrx_word' id='word_1_59' title='bbox 933 1102 1190 1161; x_wconf 88' lang='lat' dir='ltr'>homines</span> <span class='ocrx_word' id='word_1_60' title='bbox 1213 1103 1543 1175; x_wconf 76' lang='lat' dir='ltr'>vinolentos,</span> <span class='ocrx_word' id='word_1_61' title='bbox 1564 1104 1845 1179; x_wconf 82' lang='lat' dir='ltr'>rebusque</span> <span class='ocrx_word' id='word_1_62' title='bbox 1861 1103 2047 1161; x_wconf 86' lang='lat' dir='ltr'>Vene-</span> 
     </span>
     <span class='ocr_line' id='line_1_10' title="bbox 266 1195 2046 1272; baseline 0.002 -20"><span class='ocrx_word' id='word_1_63' title='bbox 266 1195 380 1252; x_wconf 87' lang='lat' dir='ltr'>reis</span> <span class='ocrx_word' id='word_1_64' title='bbox 407 1195 660 1266; x_wconf 89' lang='lat' dir='ltr'>deditos;</span> <span class='ocrx_word' id='word_1_65' title='bbox 703 1199 807 1255; x_wconf 92' lang='lat' dir='ltr'>hos</span> <span class='ocrx_word' id='word_1_66' title='bbox 832 1215 1053 1272; x_wconf 91' lang='lat' dir='ltr'>quoque</span> <span class='ocrx_word' id='word_1_67' title='bbox 1081 1197 1141 1254; x_wconf 92' lang='lat' dir='ltr'>in</span> <span class='ocrx_word' id='word_1_68' title='bbox 1169 1196 1258 1255; x_wconf 90' lang='lat' dir='ltr'>his</span> <span class='ocrx_word' id='word_1_69' title='bbox 1273 1197 1441 1255; x_wconf 90' lang='lat' dir='ltr'>rebus</span> <span class='ocrx_word' id='word_1_70' title='bbox 1462 1198 1835 1256; x_wconf 75' lang='lat' dir='ltr'><strong>antecessisse</strong></span> <span class='ocrx_word' id='word_1_71' title='bbox 1859 1219 1873 1268; x_wconf 92' lang='lat'>;</span> <span class='ocrx_word' id='word_1_72' title='bbox 1915 1217 2046 1256; x_wconf 84' lang='lat' dir='ltr'>ven-</span> 
     </span>
     <span class='ocr_line' id='line_1_11' title="bbox 266 1290 2161 1376; baseline 0.002 -28"><span class='ocrx_word' id='word_1_73' title='bbox 266 1290 381 1349; x_wconf 87' lang='lat' dir='ltr'><strong>isse</strong></span> <span class='ocrx_word' id='word_1_74' title='bbox 399 1292 469 1349; x_wconf 86' lang='lat' dir='ltr'>ad</span> <span class='ocrx_word' id='word_1_75' title='bbox 491 1291 714 1364; x_wconf 81' lang='lat' dir='ltr'><strong>Persas,</strong></span> <span class='ocrx_word' id='word_1_76' title='bbox 740 1293 888 1376; x_wconf 78' lang='lat' dir='ltr'>apud</span> <span class='ocrx_word' id='word_1_77' title='bbox 906 1311 1043 1367; x_wconf 91' lang='lat' dir='ltr'>quos</span> <span class='ocrx_word' id='word_1_78' title='bbox 1064 1311 1287 1349; x_wconf 90' lang='lat' dir='ltr'>summa</span> <span class='ocrx_word' id='word_1_79' title='bbox 1301 1293 1426 1350; x_wconf 86' lang='lat' dir='ltr'>laus</span> <span class='ocrx_word' id='word_1_80' title='bbox 1435 1304 1586 1351; x_wconf 85' lang='lat' dir='ltr'>esset</span> <span class='ocrx_word' id='word_1_81' title='bbox 1601 1292 1814 1351; x_wconf 84' lang='lat' dir='ltr'>fortiter</span> <span class='ocrx_word' id='word_1_82' title='bbox 1829 1294 2044 1367; x_wconf 80' lang='lat' dir='ltr'>venari,</span> <span class='ocrx_word' id='word_1_83' title='bbox 2089 1294 2161 1351; x_wconf 80' lang='lat'>1⁰</span> 
     </span>
     <span class='ocr_line' id='line_1_12' title="bbox 265 1384 2046 1461; baseline 0.002 -18"><span class='ocrx_word' id='word_1_84' title='bbox 265 1384 554 1444; x_wconf 74' lang='lat' dir='ltr'>luxuriose</span> <span class='ocrx_word' id='word_1_85' title='bbox 577 1386 764 1444; x_wconf 85' lang='lat' dir='ltr'>vivere</span> <span class='ocrx_word' id='word_1_86' title='bbox 787 1406 801 1457; x_wconf 85' lang='lat'><em>3</em></span> <span class='ocrx_word' id='word_1_87' title='bbox 845 1388 1041 1445; x_wconf 88' lang='lat' dir='ltr'>horum</span> <span class='ocrx_word' id='word_1_88' title='bbox 1063 1387 1148 1445; x_wconf 80' lang='lat' dir='ltr'>sio</span> <span class='ocrx_word' id='word_1_89' title='bbox 1168 1386 1448 1445; x_wconf 86' lang='lat' dir='ltr'>imitatum</span> <span class='ocrx_word' id='word_1_90' title='bbox 1469 1388 1959 1461; x_wconf 83' lang='lat' dir='ltr'>consuetudinem,</span> <span class='ocrx_word' id='word_1_91' title='bbox 1982 1401 2046 1446; x_wconf 89' lang='lat' dir='ltr'>ut</span> 
     </span>
    </p>

    <p class='ocr_par' dir='ltr' id='par_1_3' title="bbox 260 1478 2157 1845">
     <span class='ocr_line' id='line_1_13' title="bbox 267 1478 2045 1555; baseline 0.003 -19"><span class='ocrx_word' id='word_1_92' title='bbox 267 1478 350 1536; x_wconf 85' lang='lat' dir='ltr'>illi</span> <span class='ocrx_word' id='word_1_93' title='bbox 393 1479 500 1555; x_wconf 90' lang='lat' dir='ltr'>ipsi</span> <span class='ocrx_word' id='word_1_94' title='bbox 553 1499 684 1537; x_wconf 89' lang='lat' dir='ltr'>eum</span> <span class='ocrx_word' id='word_1_95' title='bbox 738 1480 797 1538; x_wconf 91' lang='lat' dir='ltr'>in</span> <span class='ocrx_word' id='word_1_96' title='bbox 849 1481 938 1539; x_wconf 91' lang='lat' dir='ltr'>his</span> <span class='ocrx_word' id='word_1_97' title='bbox 990 1481 1235 1540; x_wconf 73' lang='lat' dir='ltr'>maxime</span> <span class='ocrx_word' id='word_1_98' title='bbox 1292 1481 1717 1540; x_wconf 81' lang='lat' dir='ltr'>admirarentur.</span> <span class='ocrx_word' id='word_1_99' title='bbox 1812 1483 2045 1547; x_wconf 80' lang='lat' dir='ltr'>Quibus</span> 
     </span>
     <span class='ocr_line' id='line_1_14' title="bbox 263 1573 2043 1655; baseline 0.004 -24"><span class='ocrx_word' id='word_1_100' title='bbox 263 1573 436 1631; x_wconf 89' lang='lat' dir='ltr'>rebus</span> <span class='ocrx_word' id='word_1_101' title='bbox 481 1574 757 1649; x_wconf 78' lang='lat' dir='ltr'>effecisse,</span> <span class='ocrx_word' id='word_1_102' title='bbox 805 1587 886 1649; x_wconf 89' lang='lat' dir='ltr'>ut,</span> <span class='ocrx_word' id='word_1_103' title='bbox 928 1577 1075 1654; x_wconf 85' lang='lat' dir='ltr'>apud</span> <span class='ocrx_word' id='word_1_104' title='bbox 1129 1595 1513 1651; x_wconf 75' lang='lat' dir='ltr'>quoscumque</span> <span class='ocrx_word' id='word_1_105' title='bbox 1565 1590 1732 1650; x_wconf 88' lang='lat' dir='ltr'>esset,</span> <span class='ocrx_word' id='word_1_106' title='bbox 1780 1578 2043 1655; x_wconf 83' lang='lat' dir='ltr'>prineeps</span> 
     </span>
     <span class='ocr_line' id='line_1_15' title="bbox 260 1670 2042 1747; baseline 0.004 -22"><span class='ocrx_word' id='word_1_107' title='bbox 260 1681 585 1744; x_wconf 89' lang='lat' dir='ltr'>poneretur,</span> <span class='ocrx_word' id='word_1_108' title='bbox 615 1671 1026 1747; x_wconf 80' lang='lat' dir='ltr'>habereturque</span> <span class='ocrx_word' id='word_1_109' title='bbox 1052 1670 1396 1730; x_wconf 75' lang='lat' dir='ltr'>carissimus.</span> <span class='ocrx_word' id='word_1_110' title='bbox 1478 1672 1595 1730; x_wconf 87' lang='lat' dir='ltr'>Sed</span> <span class='ocrx_word' id='word_1_111' title='bbox 1622 1673 1758 1731; x_wconf 83' lang='lat' dir='ltr'>satis</span> <span class='ocrx_word' id='word_1_112' title='bbox 1785 1673 1856 1731; x_wconf 94' lang='lat' dir='ltr'>de</span> <span class='ocrx_word' id='word_1_113' title='bbox 1893 1675 2042 1744; x_wconf 79' lang='lat' dir='ltr'>hoo3</span> 
     </span>
     <span class='ocr_line' id='line_1_16' title="bbox 261 1762 2157 1845; baseline 0.004 -25"><span class='ocrx_word' id='word_1_114' title='bbox 261 1762 506 1838; x_wconf 86' lang='lat' dir='ltr'>reliquos</span> <span class='ocrx_word' id='word_1_115' title='bbox 526 1764 831 1845; x_wconf 80' lang='lat' dir='ltr'>ordiamur.</span> <span class='ocrx_word' id='word_1_116' title='bbox 2087 1770 2157 1837; x_wconf 80' lang='lat'>15</span> 
     </span>
    </p>
   </div>
   <div class='ocr_carea' id='block_1_3' title="bbox 674 2155 1738 2218">
    <p class='ocr_par' dir='ltr' id='par_1_4' title="bbox 674 2155 1738 2218">
     <span class='ocr_line' id='line_1_17' title="bbox 674 2155 1738 2218; baseline 0.005 -5"><span class='ocrx_word' id='word_1_117' title='bbox 674 2155 844 2214; x_wconf 91' lang='lat' dir='ltr'><strong>VIII.</strong></span> <span class='ocrx_word' id='word_1_118' title='bbox 926 2155 1738 2218; x_wconf 84' lang='lat' dir='ltr'><strong>THRASYBULUS.</strong></span> 
     </span>
    </p>
   </div>
   <div class='ocr_carea' id='block_1_4' title="bbox 227 2345 2149 3584">
    <p class='ocr_par' dir='ltr' id='par_1_5' title="bbox 227 2345 2149 3584">
     <span class='ocr_line' id='line_1_18' title="bbox 336 2345 2036 2427; baseline 0.005 -25"><span class='ocrx_word' id='word_1_119' title='bbox 336 2345 382 2403; x_wconf 90' lang='grc' dir='ltr'>Ι.</span> <span class='ocrx_word' id='word_1_120' title='bbox 476 2346 885 2423; x_wconf 72' lang='lat' dir='ltr'>ThrasybquS,</span> <span class='ocrx_word' id='word_1_121' title='bbox 914 2347 1069 2423; x_wconf 80' lang='lat' dir='ltr'>Lyci</span> <span class='ocrx_word' id='word_1_122' title='bbox 1076 2347 1269 2423; x_wconf 70' lang='lat' dir='ltr'>filim,</span> <span class='ocrx_word' id='word_1_123' title='bbox 1298 2347 1677 2407; x_wconf 74' lang='lat' dir='ltr'>Atheniensis,</span> <span class='ocrx_word' id='word_1_124' title='bbox 1759 2351 1824 2407; x_wconf 87' lang='lat' dir='ltr'>Si</span> <span class='ocrx_word' id='word_1_125' title='bbox 1848 2370 1948 2427; x_wconf 90' lang='lat' dir='ltr'>per</span> <span class='ocrx_word' id='word_1_126' title='bbox 1974 2372 2036 2410; x_wconf 91' lang='lat' dir='ltr'>se</span> 
     </span>
     <span class='ocr_line' id='line_1_19' title="bbox 257 2441 2037 2522; baseline 0.002 -24"><span class='ocrx_word' id='word_1_127' title='bbox 257 2441 433 2499; x_wconf 79' lang='lat' dir='ltr'>virtus</span> <span class='ocrx_word' id='word_1_128' title='bbox 459 2441 582 2498; x_wconf 90' lang='lat' dir='ltr'>sine</span> <span class='ocrx_word' id='word_1_129' title='bbox 611 2441 835 2501; x_wconf 70' lang='lat' dir='ltr'>fortuna</span> <span class='ocrx_word' id='word_1_130' title='bbox 860 2442 1228 2518; x_wconf 88' lang='lat' dir='ltr'>ponderanda</span> <span class='ocrx_word' id='word_1_131' title='bbox 1255 2442 1346 2514; x_wconf 87' lang='lat' dir='ltr'>sit,</span> <span class='ocrx_word' id='word_1_132' title='bbox 1374 2443 1589 2515; x_wconf 89' lang='lat' dir='ltr'>dubito,</span> <span class='ocrx_word' id='word_1_133' title='bbox 1620 2463 1692 2501; x_wconf 90' lang='lat' dir='ltr'>an</span> <span class='ocrx_word' id='word_1_134' title='bbox 1736 2446 1890 2503; x_wconf 80' lang='lat' dir='ltr'>huno</span> <span class='ocrx_word' id='word_1_135' title='bbox 1926 2447 2037 2522; x_wconf 89' lang='lat' dir='ltr'>pri-</span> 
     </span>
     <span class='ocr_line' id='line_1_20' title="bbox 227 2523 2038 2613; baseline 0.002 -21"><span class='ocrx_word' id='word_1_136' title='bbox 227 2523 414 2593; x_wconf 68' lang='lat' dir='ltr'>&#39;mum</span> <span class='ocrx_word' id='word_1_137' title='bbox 439 2536 694 2594; x_wconf 89' lang='lat' dir='ltr'>omnium</span> <span class='ocrx_word' id='word_1_138' title='bbox 719 2556 945 2613; x_wconf 88' lang='lat' dir='ltr'>ponam.</span> <span class='ocrx_word' id='word_1_139' title='bbox 1027 2535 1177 2594; x_wconf 89' lang='lat' dir='ltr'>Illud</span> <span class='ocrx_word' id='word_1_140' title='bbox 1206 2536 1329 2594; x_wconf 91' lang='lat' dir='ltr'>sine</span> <span class='ocrx_word' id='word_1_141' title='bbox 1353 2536 1556 2607; x_wconf 84' lang='lat' dir='ltr'>dubi03</span> <span class='ocrx_word' id='word_1_142' title='bbox 1599 2538 1884 2596; x_wconf 88' lang='lat' dir='ltr'>neminem</span> <span class='ocrx_word' id='word_1_143' title='bbox 1900 2539 2038 2597; x_wconf 80' lang='lat' dir='ltr'>huie</span> 
     </span>
     <span class='ocr_line' id='line_1_21' title="bbox 254 2630 2036 2711; baseline 0.002 -23"><span class='ocrx_word' id='word_1_144' title='bbox 254 2632 493 2706; x_wconf 83' lang='lat' dir='ltr'>praefero</span> <span class='ocrx_word' id='word_1_145' title='bbox 517 2632 650 2703; x_wconf 87' lang='lat' dir='ltr'>fide,</span> <span class='ocrx_word' id='word_1_146' title='bbox 678 2631 1018 2704; x_wconf 71' lang='lat' dir='ltr'>constantia,</span> <span class='ocrx_word' id='word_1_147' title='bbox 1047 2630 1442 2707; x_wconf 83' lang='lat' dir='ltr'>magnitudine</span> <span class='ocrx_word' id='word_1_148' title='bbox 1485 2632 1680 2706; x_wconf 83' lang='lat' dir='ltr'>animi,</span> <span class='ocrx_word' id='word_1_149' title='bbox 1709 2633 1769 2690; x_wconf 87' lang='lat' dir='ltr'>in</span> <span class='ocrx_word' id='word_1_150' title='bbox 1796 2634 2036 2711; x_wconf 85' lang='lat' dir='ltr'>patriam</span> 
     </span>
     <span class='ocr_line' id='line_1_22' title="bbox 257 2725 2149 2805; baseline 0.003 -22"><span class='ocrx_word' id='word_1_151' title='bbox 257 2744 465 2783; x_wconf 87' lang='lat' dir='ltr'>amore.</span> <span class='ocrx_word' id='word_1_152' title='bbox 546 2725 697 2803; x_wconf 57' lang='lat' dir='ltr'>Nan}</span> <span class='ocrx_word' id='word_1_153' title='bbox 739 2728 887 2803; x_wconf 90' lang='lat' dir='ltr'>quod</span> <span class='ocrx_word' id='word_1_154' title='bbox 933 2726 1095 2784; x_wconf 88' lang='lat' dir='ltr'>multi</span> <span class='ocrx_word' id='word_1_155' title='bbox 1137 2726 1455 2800; x_wconf 73' lang='lat' dir='ltr'>voluerunt,</span> <span class='ocrx_word' id='word_1_156' title='bbox 1498 2728 1665 2804; x_wconf 84' lang='lat' dir='ltr'>pauci</span> <span class='ocrx_word' id='word_1_157' title='bbox 1709 2740 2031 2805; x_wconf 90' lang='lat' dir='ltr'>potuerunt,</span> <span class='ocrx_word' id='word_1_158' title='bbox 2070 2730 2149 2788; x_wconf 71' lang='lat'>2⁰</span> 
     </span>
     <span class='ocr_line' id='line_1_23' title="bbox 254 2811 2035 2900; baseline 0.004 -24"><span class='ocrx_word' id='word_1_159' title='bbox 254 2821 331 2877; x_wconf 91' lang='lat' dir='ltr'>ab</span> <span class='ocrx_word' id='word_1_160' title='bbox 378 2838 493 2877; x_wconf 89' lang='lat' dir='ltr'>uno</span> <span class='ocrx_word' id='word_1_161' title='bbox 534 2811 781 2895; x_wconf 83' lang='lat' dir='ltr'>tyranno</span> <span class='ocrx_word' id='word_1_162' title='bbox 815 2822 1054 2898; x_wconf 86' lang='lat' dir='ltr'>patriam</span> <span class='ocrx_word' id='word_1_163' title='bbox 1099 2822 1370 2892; x_wconf 84' lang='lat' dir='ltr'>liberare3</span> <span class='ocrx_word' id='word_1_164' title='bbox 1415 2823 1549 2881; x_wconf 83' lang='lat' dir='ltr'>huic</span> <span class='ocrx_word' id='word_1_165' title='bbox 1595 2824 1852 2900; x_wconf 81' lang='lat' dir='ltr'>contigit,</span> <span class='ocrx_word' id='word_1_166' title='bbox 1896 2837 1960 2882; x_wconf 89' lang='lat' dir='ltr'>ut</span> <span class='ocrx_word' id='word_1_167' title='bbox 2001 2844 2035 2883; x_wconf 85' lang='lat' dir='ltr'>a</span> 
     </span>
     <span class='ocr_line' id='line_1_24' title="bbox 251 2913 2034 2992; baseline 0.002 -19"><span class='ocrx_word' id='word_1_168' title='bbox 251 2913 490 2990; x_wconf 87' lang='lat' dir='ltr'>triginta</span> <span class='ocrx_word' id='word_1_169' title='bbox 524 2933 843 2990; x_wconf 87' lang='lat' dir='ltr'>oppressam</span> <span class='ocrx_word' id='word_1_170' title='bbox 889 2916 1142 2992; x_wconf 86' lang='lat' dir='ltr'>tyrannis</span> <span class='ocrx_word' id='word_1_171' title='bbox 1186 2937 1258 2974; x_wconf 81' lang='lat' dir='ltr'>ex</span> <span class='ocrx_word' id='word_1_172' title='bbox 1300 2918 1566 2975; x_wconf 83' lang='lat' dir='ltr'>servitute</span> <span class='ocrx_word' id='word_1_173' title='bbox 1614 2919 1673 2975; x_wconf 87' lang='lat' dir='ltr'>in</span> <span class='ocrx_word' id='word_1_174' title='bbox 1718 2919 2034 2977; x_wconf 81' lang='lat' dir='ltr'>libertatem</span> 
     </span>
     <span class='ocr_line' id='line_1_25' title="bbox 252 3008 2032 3089; baseline 0.005 -25"><span class='ocrx_word' id='word_1_175' title='bbox 252 3008 586 3065; x_wconf 76' lang='lat' dir='ltr'>vindicaret.</span> <span class='ocrx_word' id='word_1_176' title='bbox 669 3011 802 3082; x_wconf 89' lang='lat' dir='ltr'>Sed,</span> <span class='ocrx_word' id='word_1_177' title='bbox 846 3011 1041 3070; x_wconf 82' lang='lat' dir='ltr'>neseio</span> <span class='ocrx_word' id='word_1_178' title='bbox 1082 3030 1192 3086; x_wconf 91' lang='lat' dir='ltr'>quo</span> <span class='ocrx_word' id='word_1_179' title='bbox 1243 3013 1431 3086; x_wconf 90' lang='lat' dir='ltr'>modo,</span> <span class='ocrx_word' id='word_1_180' title='bbox 1473 3033 1646 3089; x_wconf 91' lang='lat' dir='ltr'>quum</span> <span class='ocrx_word' id='word_1_181' title='bbox 1693 3032 1823 3070; x_wconf 89' lang='lat' dir='ltr'>eum</span> <span class='ocrx_word' id='word_1_182' title='bbox 1866 3032 2032 3074; x_wconf 90' lang='lat' dir='ltr'>nemo</span> 
     </span>
     <span class='ocr_line' id='line_1_26' title="bbox 254 3103 2026 3185; baseline 0.003 -24"><span class='ocrx_word' id='word_1_183' title='bbox 254 3104 496 3162; x_wconf 87' lang='lat' dir='ltr'>anteiret</span> <span class='ocrx_word' id='word_1_184' title='bbox 522 3103 611 3161; x_wconf 92' lang='lat' dir='ltr'>his</span> <span class='ocrx_word' id='word_1_185' title='bbox 638 3104 952 3179; x_wconf 79' lang='lat' dir='ltr'>virtutibus,</span> <span class='ocrx_word' id='word_1_186' title='bbox 981 3106 1144 3164; x_wconf 91' lang='lat' dir='ltr'>multi</span> <span class='ocrx_word' id='word_1_187' title='bbox 1186 3106 1480 3166; x_wconf 89' lang='lat' dir='ltr'>nobilitate</span> <span class='ocrx_word' id='word_1_188' title='bbox 1518 3121 2026 3185; x_wconf 72' lang='lat' dir='ltr'>praecucurrerunt.</span> 
     </span>
     <span class='ocr_line' id='line_1_27' title="bbox 253 3198 2144 3274; baseline 0.004 -17"><span class='ocrx_word' id='word_1_189' title='bbox 253 3198 506 3258; x_wconf 69' lang='lat' dir='ltr'>Primum</span> <span class='ocrx_word' id='word_1_190' title='bbox 549 3199 962 3274; x_wconf 89' lang='lat' dir='ltr'>Peloponnesio</span> <span class='ocrx_word' id='word_1_191' title='bbox 1009 3202 1157 3260; x_wconf 91' lang='lat' dir='ltr'>bello</span> <span class='ocrx_word' id='word_1_192' title='bbox 1197 3203 1376 3261; x_wconf 87' lang='lat' dir='ltr'>multa</span> <span class='ocrx_word' id='word_1_193' title='bbox 1417 3203 1513 3260; x_wconf 81' lang='lat' dir='ltr'>hie</span> <span class='ocrx_word' id='word_1_194' title='bbox 1556 3203 1679 3261; x_wconf 88' lang='lat' dir='ltr'>sine</span> <span class='ocrx_word' id='word_1_195' title='bbox 1724 3204 2029 3263; x_wconf 79' lang='lat' dir='ltr'>Alcibiade</span> <span class='ocrx_word' id='word_1_196' title='bbox 2065 3205 2144 3265; x_wconf 79' lang='lat'>25</span> 
     </span>
     <span class='ocr_line' id='line_1_28' title="bbox 252 3295 2029 3373; baseline 0.001 -19"><span class='ocrx_word' id='word_1_197' title='bbox 252 3296 447 3372; x_wconf 88' lang='lat' dir='ltr'>gessit,</span> <span class='ocrx_word' id='word_1_198' title='bbox 476 3295 570 3353; x_wconf 89' lang='lat' dir='ltr'>ille</span> <span class='ocrx_word' id='word_1_199' title='bbox 597 3296 815 3353; x_wconf 85' lang='lat' dir='ltr'>nullam</span> <span class='ocrx_word' id='word_1_200' title='bbox 842 3314 960 3353; x_wconf 89' lang='lat' dir='ltr'>rem</span> <span class='ocrx_word' id='word_1_201' title='bbox 986 3296 1109 3354; x_wconf 88' lang='lat' dir='ltr'>sine</span> <span class='ocrx_word' id='word_1_202' title='bbox 1136 3299 1280 3355; x_wconf 79' lang='lat' dir='ltr'>hoo:</span> <span class='ocrx_word' id='word_1_203' title='bbox 1321 3316 1445 3373; x_wconf 82' lang='lat' dir='ltr'>quae</span> <span class='ocrx_word' id='word_1_204' title='bbox 1490 3297 1584 3354; x_wconf 92' lang='lat' dir='ltr'>ille</span> <span class='ocrx_word' id='word_1_205' title='bbox 1631 3297 1893 3358; x_wconf 85' lang='lat' dir='ltr'>universa</span> <span class='ocrx_word' id='word_1_206' title='bbox 1932 3318 2029 3357; x_wconf 89' lang='lat' dir='ltr'>na·</span> 
     </span>
     <span class='ocr_line' id='line_1_29' title="bbox 250 3391 2029 3466; baseline 0.001 -17"><span class='ocrx_word' id='word_1_207' title='bbox 250 3391 417 3449; x_wconf 82' lang='lat' dir='ltr'>turali</span> <span class='ocrx_word' id='word_1_208' title='bbox 444 3391 685 3466; x_wconf 85' lang='lat' dir='ltr'>quodam</span> <span class='ocrx_word' id='word_1_209' title='bbox 715 3391 866 3449; x_wconf 88' lang='lat' dir='ltr'>bono</span> <span class='ocrx_word' id='word_1_210' title='bbox 893 3391 1027 3450; x_wconf 83' lang='lat' dir='ltr'>feeit</span> <span class='ocrx_word' id='word_1_211' title='bbox 1060 3393 1220 3451; x_wconf 81' lang='lat' dir='ltr'>lucri.</span> <span class='ocrx_word' id='word_1_212' title='bbox 1305 3394 1419 3451; x_wconf 82' lang='lat' dir='ltr'>Sed</span> <span class='ocrx_word' id='word_1_213' title='bbox 1464 3392 1562 3450; x_wconf 84' lang='lat' dir='ltr'>illa</span> <span class='ocrx_word' id='word_1_214' title='bbox 1601 3404 1790 3452; x_wconf 89' lang='lat' dir='ltr'>tamen</span> <span class='ocrx_word' id='word_1_215' title='bbox 1837 3394 2029 3453; x_wconf 83' lang='lat' dir='ltr'>omnia</span> 
     </span>
     <span class='ocr_line' id='line_1_30' title="bbox 252 3481 2024 3584; baseline -0.001 -39"><span class='ocrx_word' id='word_1_216' title='bbox 252 3486 574 3545; x_wconf 76' lang='lat' dir='ltr'>eommunia</span> <span class='ocrx_word' id='word_1_217' title='bbox 600 3486 1028 3564; x_wconf 86' lang='lat' dir='ltr'>imperatoribus</span> <span class='ocrx_word' id='word_1_218' title='bbox 1054 3481 1187 3547; x_wconf 82' lang='lat' dir='ltr'>cum</span> <span class='ocrx_word' id='word_1_219' title='bbox 1212 3481 1497 3584; x_wconf 62' lang='grc' dir='ltr'>[ιὲὴίὴυὶ</span> <span class='ocrx_word' id='word_1_220' title='bbox 1512 3500 1570 3547; x_wconf 89' lang='lat' dir='ltr'>et</span> <span class='ocrx_word' id='word_1_221' title='bbox 1595 3490 1837 3562; x_wconf 71' lang='lat' dir='ltr'>fortuna,</span> <span class='ocrx_word' id='word_1_222' title='bbox 1872 3486 2024 3563; x_wconf 73' lang='lat' dir='ltr'>quod</span> 
     </span>
    </p>
   </div>
  </div>
 </body>
</html>
