2492 4207
1059 240 1442 290 HANNIBAL.
2176 234 2254 292 99

334 399 733 458 Hannibalem
774 397 934 458 tanto
974 399 1302 475 praestitisse
1342 411 1576 458 caeteros
1615 405 1981 475 imperatores
2009 419 2138 477 pru-

330 495 557 568 dentia,
586 492 799 571 quanto
846 497 1085 571 populus
1133 495 1435 553 Romanus
1482 496 1780 554 antecedat
1808 480 2136 555 fortitudine

328 603 585 650 cunctas
630 591 907 650 nationes.
1010 590 1164 648 Nam
1206 591 1673 667 quotiescumque
1719 611 1851 649 cum
1894 612 1963 651 eo
2004 612 2138 651 con-

325 694 572 764 gressus
598 699 686 745 est
713 686 771 743 in
812 686 1001 760 Italia,
1044 705 1266 762 semper
1306 685 1570 767 discessit
1608 685 1885 761 superior„
1956 686 2135 750 Quod

324 782 455 840 nisi
484 782 636 840 domi
672 782 881 839 civium
922 801 1152 840 suorum
1191 782 1406 839 invidia
1445 770 1774 860 debilitatus
1813 794 1981 856 esset,
2020 784 2137 843 Ro-
2174 787 2213 842 5

325 897 544 937 manos
595 879 879 937 videretur
940 892 1208 955 superare
1273 877 1540 955 potuisse.
1651 877 1768 935 Sed
1833 879 2135 937 multorum

325 973 677 1032 obtrectatio
727 974 937 1033 devicit
975 974 1148 1031 unius
1186 973 1467 1033 virtutem.
1569 972 1701 1030 Hic*
1743 984 1933 1036 autem
1987 975 2137 1033 velut

327 1068 656 1127 hereditate
683 1069 946 1127 relictum
976 1069 1172 1127 odium
1198 1062 1499 1145 paternum
1540 1087 1678 1145 erga
1717 1068 2015 1126 Romanos
2053 1069 2136 1126 sic

325 1164 715 1238 confirmavit,
745 1177 807 1224 ut
833 1163 991 1241 prius
1032 1164 1300 1238 animam,
1329 1163 1501 1239 quam
1528 1163 1605 1234 id,
1635 1163 1959 1239 deposuerit
1983 1182 1995 1220 ε
2039 1183 2135 1238 qm

323 1261 588 1336 quidem,
616 1281 791 1338 quum
818 1261 1000 1338 patria
1023 1262 1415 1338 pulsussesset,
1438 1273 1495 1320 et
1518 1261 1832 1319 alienarum
1852 1280 2024 1338 opum
2044 1261 2136 1319 in-
2178 1263 2250 1319 10

324 1356 577 1432 digeret,
604 1376 898 1433 nunquam
925 1357 1210 1433 destiterit*
1232 1349 1422 1421 animo
1439 1358 1650 1415 bellare
1675 1376 1809 1415 cum
1832 1357 2137 1416 Romanis.

414 1450 497 1509 II.
581 1452 735 1510 Nam
775 1464 836 1511 ut
873 1453 1128 1512 omittam
1169 1453 1515 1537 Philippum,
1544 1472 1712 1529 quem
1755 1454 1961 1511 absens
2008 1454 2135 1512 hos-

322 1559 454 1606 tem
481 1537 729 1607 reddidit
768 1548 1083 1619 Romanis;
1125 1549 1382 1608 omnium
1424 1548 1513 1606 his
1551 1535 1900 1624 temporibus
1937 1561 2133 1624 poten-

322 1642 587 1701 tissimus
640 1663 743 1702 rex
796 1645 1120 1703 Antiochus
1176 1644 1297 1702 fuit.
1381 1643 1561 1700 Hunc
1613 1644 1774 1702 tanta
1821 1643 2133 1719 cupiditate

324 1739 593 1797 incendit
630 1740 903 1813 bellandi,
930 1751 995 1797 ut
1036 1757 1215 1814 usque
1243 1756 1278 1795 a
1302 1738 1474 1796 rubro
1511 1737 1656 1795 mari
1698 1757 1855 1797 arma
1893 1750 2132 1797 conatus
2175 1741 2248 1795 15

323 1837 406 1895 sit
430 1832 654 1895 inferre
678 1838 879 1895 Italiae.
962 1836 1067 1893 Adv
1099 1855 1268 1911 quem
1297 1855 1469 1912 quum
1496 1835 1671 1912 legati
1697 1836 1988 1894 venissent
2015 1837 2133 1895 Ro-

323 1918 512 2004 mani,
566 1931 662 2006 qui
716 1932 787 1988 de
841 1931 967 2006 ejus
1026 1931 1316 1989 voluntate
1376 1909 1753 2006 explorarent,
1819 1931 2132 2006 darentque

322 2048 565 2107 operam
593 2028 849 2087 consiliis
888 2029 1280 2101 clandestiniS,
1322 2040 1385 2086 ut
1424 2027 1813 2085 Hannibalem
1852 2027 1913 2084 in
1954 2028 2133 2105 suspi-

324 2126 563 2185 cionem
605 2124 734 2202 regi
769 2125 1158 2197 adducerent,
1182 2136 1452 2199 tanquam
1494 2124 1567 2181 ab
1613 2123 1751 2199 ipsis
1804 2136 2131 2201 corruptum

326 2222 446 2280 alia
493 2233 658 2297 atque
702 2232 871 2279 antea
918 2219 1165 2289 sentire;
1227 2238 1415 2295 neque
1468 2219 1549 2276 id‘
1575 2217 1781 2278 frustra
1836 2220 2125 2293 fecissent,
2146 2283 2147 2286 Ἴ
2167 2220 2246 2278 20

323 2316 501 2392 idque
543 2315 836 2373 Hannibal
866 2314 1253 2391 comperisset,
1282 2333 1454 2389 seque
1483 2314 1555 2371 ab
1595 2313 1956 2373 interioribus
1996 2335 2131 2374 con-

325 2411 474 2469 siliis
513 2410 801 2487 segregari
840 2409 1106 2468 vidisset:
1148 2421 1400 2486 tempore
1441 2410 1578 2466 dato
1618 2409 1758 2467 adiit
1799 2410 1871 2466 ad
1910 2429 2126 2486 regem,

325 2507 497 2581 eique
542 2525 717 2581 quum
760 2506 937 2564 multa
988 2505 1060 2562 de
1080 2500 1085 2507 ’
1108 2504 1220 2562 fide
1269 2504 1393 2577 sua,
1441 2514 1500 2561 et
1551 2503 1683 2562 odio
1728 2502 1788 2560 in
1833 2503 2128 2562 Romanos

328 2600 849 2673 commemorasset,
879 2603 988 2659 hoc
1017 2600 1275 2676 adjunxit
1293 2613 1319 2657 r
1348 2598 1558 2673 Pater,
1589 2599 1789 2674 inquit,
1816 2619 1964 2657 meus
1992 2599 2126 2657 Ha-

327 2695 551 2768 milcar,
593 2697 833 2773 puerulo
884 2716 982 2769 me,
1030 2704 1221 2773 utpote
1274 2715 1384 2753 non
1427 2693 1683 2772 amplius.
1723 2715 1910 2753 novem
1949 2715 2124 2755 annos
2163 2699 2242 2757 25

329 2798 489 2862 nato,
533 2792 596 2847 in
634 2790 987 2869 Ilispaniam
1026 2792 1333 2868 imperator
1361 2789 1727 2867 prqfieiscens
1772 2789 2127 2865 Carthagine

328 2887 470 2944 Iovi
518 2886 748 2963 Optimo
788 2888 1037 2946 Maximo
1078 2888 1293 2945 hostias
1333 2887 1653 2944 immolavit.
1743 2886 1890 2954 Quae
1926 2886 2126 2945 divina

328 3004 421 3042 res
464 2984 594 3041 dum
635 2983 1047 3061 conficiebatur,
1076 2984 1338 3061 qua-sivit
1365 3002 1403 3040 a
1428 3003 1528 3057 me,
1556 2983 1809 3041 vellemne
1847 3002 2026 3040 seeum
2063 2985 2125 3041 in

330 3091 527 3141 eastra
557 3081 868 3160 proficisci.
978 3081 1060 3138 Id
1093 3100 1261 3157 quum
1301 3079 1531 3138 libenter
1569 3079 1916 3156 accepissem,
1957 3088 2126 3157 atque

329 3183 403 3241 ab
450 3202 510 3242 eo
554 3189 747 3259 petere
800 3179 1098 3255 coepissem,
1151 3197 1219 3234 ne
1272 3176 1559 3233 dubitaret
1598 3175 1813 3248 ducere,
1852 3183 1970 3232 tum
2008 3177 2121 3253 ille,
2161 3180 2238 3237 30

331 3277 621 3355 ‘faeiam,'
650 3275 858 3352 inquit,
888 3278 902 3304 ‘
923 3273 975 3330 si
981 3272 1160 3349 fidem
1186 3272 1342 3345 mihi,
1385 3290 1550 3348 quam
1579 3271 1824 3346 postulo,
1866 3271 2120 3352 dederis?

331 3375 519 3432 Simul
537 3394 617 3431 me
644 3372 726 3430 ad
748 3389 910 3429 aram
936 3369 1191 3442 adduzit,
1223 3368 1383 3445 apud
1406 3388 1571 3445 quam
1600 3367 1928 3446 sacrificare
1958 3370 2120 3428 insti-

335 3479 538 3545 tuerat,
585 3489 826 3546 eamque,
857 3467 1071 3525 coeteris
1113 3466 1355 3537 remotis,
1386 3474 1652 3524 tenentem
1677 3463 1887 3541 jurare
1912 3466 2117 3542 jussit,
