2492 4207
1149 274 1348 323 CATO.
2144 267 2255 324 107

359 442 524 504 esset,
575 431 976 503 renuntiasset,
1017 450 1328 507 omnesque
1374 431 1558 489 exitus
1601 447 1907 509 occupatos
1953 445 2138 491 osten-

357 525 530 584 disset
552 547 567 596 ;
609 526 789 584 sensit
816 526 872 582 id
899 545 1014 585 non
1043 526 1272 585 fortuito
1302 528 1534 598 factum,
1554 528 1661 583 ‘sed
1689 547 1749 585 se
1785 529 1922 605 peti,
1950 548 2135 604 neque

356 619 464 678 sibi
492 618 707 679 diutius
747 620 918 679 vitam
971 640 1096 679 esse
1142 622 1514 679 retinendam.
1595 622 1791 684 Quam
1835 643 1908 681 ne
1951 625 2136 683 alieno

314 769 319 772 Α
354 714 587 773 arbitrio
614 715 936 789 dimitteret,
980 734 1191 774 memor
1231 716 1594 792 pristinarum
1637 717 1923 792 virtutum,
1970 740 2136 777 vene-

352 827 514 882 num,
542 812 689 885 quod
715 830 936 887 semper
960 793 1160 869 'secum
1187 813 1395 869 habere
1444 824 1833 886 consueverat,
1882 816 2129 891 sumpsit.
2170 818 2211 873 5

434 904 605 962 ΧΙΙΙ.
691 906 899 966 Sicvir
927 906 1263 966 fortissimus
1289 906 1492 965 multis
1509 907 1786 982 variisque
1808 911 2134 983 perfunctus

352 999 640 1058 laboribus
665 1019 814 1059 anno
843 1001 1123 1077 acquievit
1149 1002 1580 1078 septuagesimo.
1661 1002 1892 1064 Quibus
1919 1002 2135 1061 Consu-

351 1087 497 1152 libus
550 1094 844 1170 interierit,
898 1101 1013 1154 non
1067 1093 1349 1176 convenit.
1429 1095 1582 1153 Nam
1636 1097 1887 1169 AtticuS,
1938 1098 2137 1157 Marco

355 1190 599 1248 Claudio
626 1181 1028 1263 Marcello','Q.
1061 1191 1242 1248 Fabio
1269 1191 1535 1270 Labeone
1559 1192 1724 1250 Coae.
1755 1204 2038 1251 mortuum
2076 1193 2134 1250 in

356 1284 549 1342 annali
577 1304 680 1344 suo
707 1286 981 1361 scriptum
1020 1285 1259 1361 reliquit.
1342 1273 1423 1344 At
1474 1286 1760 1363 Polybius,
1790 1274 1855 1345 L.
1899 1289 2135 1347 AEmilio
2176 1291 2249 1347 lo

351 1378 549 1452 Paulo,
592 1391 650 1438 et
697 1381 807 1437 Cn.
854 1380 1045 1439 Baebio
1092 1365 1434 1457 Tamphilo:
1480 1383 1767 1460 Sulpicius
1814 1397 2024 1458 autem,
2068 1385 2130 1455 P.

350 1474 620 1536 Cornelio
673 1475 948 1553 Cetheg0,
1002 1475 1084 1534 M.
1141 1478 1333 1536 Baebio
1386 1479 1711 1555 Tamphilo.
1794 1481 1982 1557 Atque
2035 1482 2131 1540 hic

347 1581 540 1630 tantus
567 1573 649 1631 vir
678 1571 956 1648 tantisque
1002 1573 1165 1630 bellis
1206 1572 1499 1630 districtus
1551 1575 1810 1632 nonnihil
1853 1577 2131 1652 ,temporis

348 1666 541 1726 tribuit
566 1668 782 1726 litteris.
864 1665 1129 1741 Namque
1159 1666 1370 1741 aliquot
1416 1666 1540 1741 ejus
1582 1667 1711 1726 libri
1754 1683 1886 1728 sunt
1930 1672 2133 1729 Graeco

346 1781 604 1821 sermone
653 1762 918 1829 confecti.
1001 1759 1072 1817 In
1114 1759 1202 1816 his
1250 1762 1321 1818 ad
1370 1761 1630 1822 Rhodios
1672 1766 1743 1823 de
1772 1765 1880 1823 Cn.
1924 1764 2129 1824 Manlii
2173 1769 2245 1824 15

346 1857 619 1915 Vulsonis
646 1858 706 1914 in
736 1856 880 1913 Asia
907 1856 1076 1913 rebus
1101 1857 1293 1931 gestis.
1378 1857 1566 1934 Hujus
1592 1860 1742 1917 bel-la
1766 1872 1927 1936 gesta
1967 1861 2130 1918 multi

346 1952 630 2009 memoriae
677 1950 1082 2026 prodiderunt:
1127 1953 1228 2009 sed
1275 1972 1365 2010 ex.
1393 1952 1483 2010 his
1531 1954 1663 2027 duc,
1691 1955 1947 2030 quicum
1974 1956 2130 2014 eoin

345 2037 575 2103 castris
619 2046 864 2118 fuerunt,
919 2045 1195 2122 simulque
1253 2048 1531 2122 vixerunt,
1585 2050 1853 2125 quamdiu
1908 2051 2131 2110 fortuna

344 2161 511 2218 passa
551 2154 655 2214 est,
713 2141 959 2214 SilenuS‚
1008 2154 1066 2200 et
1109 2143 1327 2202 Sosilus
1370 2144 1855 2207 Lacedaemonius.
1939 2147 2127 2221 Atque

344 2238 454 2295 hoc
480 2236 664 2295 Sosilo
692 2236 984 2294 Hannibal
1011 2237 1324 2297 litterarum
1351 2239 1683 2297 Graecarum
1722 2260 1858 2299 usus
1883 2246 1970 2300 est
1996 2242 2145 2317 (ἰοῦ-χ
2162 2244 2241 2301 20

343 2345 479 2391 tore.
562 2332 678 2390 Sed
705 2351 862 2390 nunc
887 2344 1110 2408 tempus
1137 2345 1223 2391 est
1251 2334 1419 2408 hujus
1446 2334 1576 2391 libri
1612 2336 1799 2393 facere
1846 2335 2039 2409 finem,
2065 2350 2125 2395 et

344 2427 737 2486 Romanorum
763 2427 1046 2503 explicare
1075 2427 1460 2502 imperatore8‚
1488 2427 1600 2502 quo
1642 2428 1866 2487 facilius
1908 2431 2127 2488 collatis

345 2533 709 2596 utrorumque
736 2521 920 2594 famia,
969 2521 1065 2597 qui
1111 2520 1216 2578 viri
1265 2521 1600 2598 praeferendi
1648 2522 1778 2596 sint,
1821 2523 1996 2599 possit
2037 2524 2125 2599 ju-

347 2615 545 2674 dicari.
2030 2650 2064 2729 7

926 2985 1153 3044 XXIV.
1237 2985 1558 3044 CATO.

423 3180 472 3238 Ι.
552 3178 718 3249 Cato,
765 3187 921 3233 ortus
967 3175 1279 3252 municipio
1329 3174 1605 3249 Tuscu10‚
1652 3177 2120 3254 adolescentuluS,
2159 3181 2236 3238 25

345 3278 671 3354 priusquam
699 3270 1008 3330 honoribus
1031 3291 1259 3348 operam
1287 3273 1463 3346 daret,
1512 3284 1763 3331 versatus
1788 3286 1874 3333 est
1921 3275 1979 3333 in
2024 3277 2122 3334 Sa-

346 3373 517 3444 binis,
568 3366 720 3445 quod
775 3366 854 3423 ibi
907 3366 1213 3425 heredium.
1253 3386 1287 3425 a
1321 3380 1496 3444 patre
1548 3367 1807 3428 relictum
1859 3372 2119 3429 habebat.

347 3466 593 3526 Hortatu
620 3461 685 3520 L.
713 3454 928 3520 Valerii
956 3461 1171 3537 Flacci,
1189 3482 1357 3539 quem
1379 3463 1437 3521 in
1459 3464 1751 3525 consulatu
1773 3466 2122 3539 censuraque
