2492 4207
331 265 407 322 34
1107 272 1548 323 ALOIBIADES.
1597 292 1602 299 ·

448 433 602 492 Laco
627 433 795 491 rebus
821 445 1134 492 commotus
1161 432 1374 506 statuit,
1418 430 1741 490 accuratius
1776 430 1885 489 sibi
1927 431 2216 513 agendum

444 547 575 586 cum
598 528 983 587 Pharnabazo.
1065 528 1222 587 Huic
1250 547 1387 604 ergo
1411 526 1715 599 renuntiat,
1742 544 1866 602 quae
1894 525 2050 601 Regi
2086 543 2223 583 cum

446 622 890 681 Lacedaemoniis
940 636 1149 696 essent,
1203 623 1360 681 irrita
1421 624 1626 694 futura,
1693 621 1805 679 nisi
1856 621 2222 679 Alcibiadem

443 716 628 774 vivum
657 729 753 775 aut
776 730 1059 776 mortuum
1085 717 1423 791 tradidisset.
1504 717 1639 775 Non
1666 716 1793 775 tulit
1814 717 1924 775 hoc
1946 728 2219 793 satrapes,

364 817 405 872 5
443 824 500 869 et
525 812 730 870 violare
757 813 1135 885 clementiam,
1162 809 1334 887 quam
1360 811 1543 888 Regis
1577 829 1714 887 opes
1752 810 1953 883 minui,
2002 810 2218 868 maluit.

443 905 641 982 Itaque
687 908 839 965 misit
873 907 1274 983 'Sysamithren
1319 918 1378 965 et
1424 906 1693 983 Bagaeum
1737 907 1808 963 ad
1857 906 2222 963 Alcibiadem

443 1002 912 1073 interficiendum,
939 1020 1112 1077 quum
1141 1003 1234 1060 ille
1282 1014 1431 1060 esset
1477 1002 1535 1059 in
1572 1001 1840 1078 Phrygia,
1884 1002 2098 1075 iterque
2145 1000 2222 1057 ad

442 1097 666 1173 Regem
718 1109 1080 1171 compararet.
1182 1096 1366 1170 Missi,
1422 1086 1569 1155 clam
1633 1095 1931 1168 vicinitati,
1994 1095 2052 1153 in
2103 1088 2222 1169 quii

444 1203 563 1249 tum
590 1190 922 1249 Alcibiades
943 1204 1083 1264 erat,
1112 1193 1251 1250 dant
1277 1191 1590 1269 negotium,
1618 1203 1681 1250 ut
1701 1210 1833 1249 eum
1855 1190 2215 1249 interficiant.

333 1288 404 1344 10
443 1286 534 1345 Illi
560 1305 731 1360 quum
758 1305 888 1343 eum
917 1287 1063 1344 ferro
1090 1288 1325 1364 aggredi
1351 1306 1466 1346 non
1511 1277 1816 1360 auderent,
1845 1298 2020 1344 noctu
2062 1285 2222 1362 ligna

442 1381 801 1439 contulerunt
826 1380 983 1439 circa
1009 1399 1199 1439 casam
1236 1401 1384 1454 eam,
1413 1382 1473 1438 in
1518 1382 1633 1456 qua
1678 1374 2023 1458 quiescebat,
2067 1399 2220 1437 eam-

440 1495 549 1550 que
575 1477 1025 1547 succenderunt3
1068 1488 1133 1535 ut
1159 1476 1429 1535 incendio
1451 1477 1822 1550 conficerent,
1849 1495 2018 1551 quem
2044 1494 2221 1532 manu

441 1572 691 1647 superari
715 1591 880 1648 posse
916 1573 1262 1631 diffidebant.
1345 1571 1451 1630 Ille
1494 1568 1683 1629 autem
1730 1583 1794 1629 ut
1836 1571 2024 1630 sonitu
2065 1570 2221 1628 flam-
2317 1648 2328 1661 η

440 1684 546 1723 mae
572 1678 659 1725 est
678 1667 976 1741 excitatae,
1004 1666 1110 1726 etsi
1136 1667 1360 1744 gladius
1392 1667 1449 1725 ei
1492 1677 1613 1725 erat
1654 1665 1987 1739 subductus,
2018 1666 2220 1724 famili-

331 1761 404 1817 15
442 1761 552 1819 aris
578 1762 666 1819 sui
692 1762 949 1820 subalare
975 1764 1153 1821 telum
1198 1760 1420 1839 eripuit.
1501 1760 1765 1837 Namque
1806 1754 1929 1819 erat
1972 1779 2107 1818 cum
2150 1778 2225 1819 eo

438 1856 666 1932 quidam
692 1877 766 1915 ex
792 1858 1045 1916 Arcadia
1072 1860 1296 1935 hospes,
1324 1858 1420 1935 qui
1468 1876 1759 1934 nunquam
1785 1857 2094 1916 ’discedere
2129 1876 2222 1914 vo-

439 1953 634 2011 luerat.
719 1952 895 2011 Hunc
920 1953 1080 2029 sequi
1107 1973 1170 2011 se
1190 1954 1373 2029 jubet,
1412 1964 1471 2012 et
1501 1955 1580 2026 id,
1627 1953 1777 2028 quod
1819 1953 1877 2010 in
1918 1951 2222 2029 praesentia

438 2048 898 2106 vestimentorum
925 2048 1049 2119 fuit,
1079 2045 1289 2121 arripit.
1372 2046 1484 2102 His
1512 2046 1571 2102 in
1599 2047 1792 2121 ignem
1826 2047 2026 2122 ejectis
2067 2046 2221 2105 flam·

440 2159 546 2197 mae
566 2140 680 2198 vim
706 2139 943 2198 transiit.
1024 2139 1220 2200 Quem
1246 2148 1312 2194 ut
1337 2137 1561 2194 barbari
1589 2139 1921 2195 incendium
1947 2140 2219 2215 effugisse

324 2237 403 2294 20
440 2235 718 2305 viderunt,
746 2231 875 2290 telis
909 2230 1188 2309 [eminus]
1235 2229 1424 2288 missis
1467 2230 1893 2305 interfecerunt,
1935 2243 2219 2308 caputque
2285 2225 2290 2226 7

439 2329 564 2404 ejus
589 2328 661 2385 ad
687 2325 1122 2394 Pharnabazum
1148 2325 1480 2385 retulerunt.
1564 2325 1646 2383 At
1670 2324 1892 2399 mulier,
1933 2344 2057 2401 quae
2083 2345 2217 2383 cum

439 2444 509 2483 eo
560 2423 746 2481 vivere
796 2418 1118 2494 consuerat,
1166 2418 1434 2478 muliebri
1497 2419 1601 2479 sua
1673 2430 1827 2478 veste
1890 2430 2218 2480 contectum

441 2517 667 2577 aedificii
719 2516 987 2575 incendio
1038 2527 1322 2574 mortuum
1376 2516 1666 2588 cremavit,
1717 2515 1868 2590 quod
1916 2515 1990 2572 ad
2029 2515 2216 2574 vivum

443 2612 880 2671 interimendum
906 2622 1027 2669 erat
1054 2622 1457 2687 comparatum.
1538 2611 1640 2669 Sic
1667 2610 1997 2669 Alcibiades
2039 2631 2217 2674 annos

325 2710 405 2770 25
442 2706 668 2767 circiter
694 2705 1068 2781 quadraginta
1092 2716 1261 2762 natus
1286 2703 1438 2762 diem
1463 2705 1605 2764 obiit
1630 2724 1970 2781 supremum.

520 2801 627 2859 XI.
710 2800 888 2858 Hunc
940 2799 1275 2857 infamatum
1322 2816 1356 2854 a
1404 2798 1684 2874 plerisque
1733 2809 1850 2856 tres
1902 2799 2216 2876 gravissimi

444 2895 696 2956 historici
723 2894 957 2953 summis
982 2894 1244 2952 laudibus
1286 2894 1643 2951 extulerunt:
1685 2892 2078 2969 ThucydideS,
2120 2883 2219 2969 qui

444 2993 698 3068 ejusdem
719 2990 899 3050 aetatis
927 2989 1067 3061 suin,
1105 2988 1530 3064 Theopompus,
1556 2986 1653 3062 qui
1680 2986 1787 3045 fuit
1811 2986 1940 3064 post
1969 2989 2219 3062 aliquan-

445 3085 504 3143 to
521 3097 706 3157 natus,
721 3096 787 3145 et
807 3084 1079 3142 Timaeus.
1144 3082 1270 3144 Qui
1289 3082 1518 3157 quidem
1539 3082 1653 3139 duo
1672 3081 2214 3155 maledicentissimi,

330 3182 409 3241 30
447 3178 641 3238 nescio
685 3198 796 3254 quo
836 3178 1022 3250 modo,
1071 3176 1129 3233 in
1184 3177 1281 3236 illo
1334 3195 1449 3234 uno
1495 3176 1781 3236 laudando
1834 3175 2212 3236 conscierunt.

448 3274 709 3348 Namque
735 3291 823 3345 ea,
841 3292 966 3348 quae
980 3268 1151 3348 supra
1173 3270 1437 3343 diximus,
1455 3270 1527 3327 de
1547 3290 1615 3329 eo
1629 3270 2027 3348 praedicarunt,
2049 3283 2216 3348 atque

448 3370 558 3431 hoc
600 3364 871 3442 amplius:
931 3385 1104 3443 quum
1150 3366 1416 3438 Athenis,
1465 3363 1921 3443 splendidissima
1967 3366 2211 3441 civitate,

448 3474 614 3526 natus
629 3471 797 3523 esset.
815 3479 1014 3520 omnes
1034 3461 1330 3550 splendore
1354 3479 1421 3519 ac
1441 3461 1715 3539 dignitate
1737 3461 2029 3539 superasse
2051 3463 2212 3533 vitae;
