2492 4207
232 197 310 256 94
999 200 1095 251 ΒΕ
1126 198 1449 249 REGIBUS.

343 385 450 426 suo
475 365 609 425 fecit
632 363 855 432 omnia;
895 380 1008 439 quo
1049 361 1264 419 sactum
1301 372 1408 434 est,
1451 370 1516 418 ut
1539 359 1665 437 ejus
1689 359 1841 417 diem
1865 361 2118 420 natalem

347 463 547 520 festum
574 460 808 517 haberet
833 457 1099 516 universa
1125 456 1340 514 Sicilia.
1420 454 1577 513 Huic
1618 455 1845 531 quidam
1888 456 2121 517 Lames-

346 558 474 629 tius,
513 557 679 614 homo
742 554 1006 630 petulans
1071 563 1128 610 et
1180 551 1456 628 ingratus,
1509 550 1895 610 vadimonium
1946 572 2122 629 quum

342 653 508 710 vellet
549 652 857 728 imponere,
885 648 1037 726 quod
1084 668 1216 710 cum
1244 649 1341 712 illo
1368 668 1428 706 se
1454 649 1579 724 lege
1607 667 1775 725 agere
1803 648 2040 725 diceret,
2067 665 2126 709 et

268 753 308 809 5
345 751 660 826 complures
685 747 1125 820 concurrissent,
1152 746 1250 821 qui
1275 745 1680 822 procacitatem
1715 745 1963 806 hominis
2011 767 2124 806 ma-

346 845 514 903 nibus
537 848 807 903 coercere
834 854 1172 901 conarentur
1197 862 1211 912 ;
1255 840 1558 899 Timoleon
1592 839 1773 898 oravit
1806 860 2027 916 omnes,
2052 862 2126 901 ne

348 943 404 998 id
432 942 698 999 facerent.
775 938 1041 1014 Namque
1068 936 1126 994 id
1153 948 1217 995 ut
1242 934 1530 995 Lamestio
1555 934 1888 1012 caeterisque
1908 936 2129 1011 liceret,

345 1054 406 1094 se
432 1035 706 1098 maximos
730 1034 952 1092 labores
992 1051 1323 1108 summaque
1360 1030 1569 1090 adiisse
1604 1031 1876 1107 pericula.
1955 1031 2128 1091 Hanc

346 1132 500 1190 enim
527 1130 773 1208 speciem
818 1128 1095 1187 libertatis
1118 1147 1266 1201 esse,
1293 1127 1343 1185 si
1368 1126 1652 1202 omnibu8‚
1698 1127 1850 1203 quod
1894 1127 2126 1205 quisque

241 1229 329 1298 10*
355 1228 539 1300 vellet,
592 1225 814 1301 legibus
864 1222 1108 1300 experiri
1158 1222 1374 1281 liceret.
1457 1222 1640 1295 Idem,
1682 1240 1856 1298 quum
1896 1222 2127 1298 quidam

351 1321 623 1381 Lamestii
649 1319 868 1392 similis,
889 1319 1120 1377 nomine
1141 1317 1531 1391 Demaenetus,
1556 1317 1615 1376 in
1637 1316 1912 1376 concione
1932 1319 2131 1394 populi

352 1418 423 1473 de
477 1414 647 1473 rebus
691 1413 866 1491 gestis
916 1412 1042 1490 ejus
1089 1412 1385 1470 detrahere
1432 1412 1716 1488 coepisset,
1761 1430 1829 1470 ac
1854 1414 2133 1472 nonnulla

348 1510 704 1570 inveheretur
744 1508 804 1567 in
842 1507 1226 1580 Timoleonta,
1254 1505 1416 1581 dixit,
1444 1525 1602 1565 nunc
1645 1506 1874 1565 demum
1915 1528 1976 1566 se
2017 1496 2134 1568 voti

350 1624 475 1664 esse
526 1605 871 1663 damnatum.
976 1600 1241 1678 Namque
1303 1602 1428 1659 haec
1475 1619 1510 1659 a
1560 1601 1671 1660 diis
1725 1603 2132 1667 immortalibus

241 1704 330 1773 15μ
351 1719 570 1776 semper
596 1711 910 1777 precatum,
939 1711 1003 1757 ut
1028 1698 1200 1757 talem
1224 1698 1545 1757 libertatem
1579 1698 1940 1758 restituerent
1966 1699 2135 1774 Syra-

351 1796 600 1869 cusaniS,
653 1795 714 1852 in
765 1795 878 1870 qua
927 1786 1111 1852 cuivis
1153 1793 1374 1867 liceret,
1394 1795 1475 1852 'de
1526 1813 1639 1870 quo
1684 1791 1869 1868 vellet,
1900 1794 2131 1870 impune

351 1893 580 1954 dicere..
638 1890 755 1949 Hic
781 1909 956 1967 quum
982 1889 1136 1953 diem
1182 1908 1512 1966 supremum
1555 1889 1808 1964 obiisset,
1834 1889 2069 1968 publice
2102 1910 2143 1948 a

352 1987 726 2064 Syracusanis
752 1986 811 2044 in
837 1986 1153 2063 gymnasio,
1191 1986 1344 2062 quod
1384 1985 1846 2047 Timoleonteum
1896 1988 2137 2064 appella-

349 2092 462 2155 tur,
488 2081 607 2141 tota
633 2081 958 2141 celebrante
986 2079 1186 2138 Sicilia
1213 2081 1467 2157 sepultus
1493 2093 1595 2141 est.

766 2475 936 2534 xxl.
1018 2434 1720 2545 DE'REGIBUS.

237 2635 317 2692 20
432 2633 480 2690 Ι.
562 2633 643 2690 Hi
666 2632 782 2690 fere
812 2634 1041 2693 suerunt
1066 2634 1305 2692 Graeciae
1348 2635 1536 2711 gentis
1561 2636 1759 2709 duceS,
1787 2637 1883 2711 qui
1930 2656 2137 2696 memo-

349 2728 433 2787 ria
458 2726 618 2806 digni
645 2728 998 2802 videbantur,
1026 2741 1226 2806 praeter
1264 2750 1446 2807 reges.
1527 2730 1790 2807 Namque
1832 2751 1929 2790 eos
1973 2732 2136 2790 attin·

351 2842 486 2900 gere
524 2822 828 2897 noluimus,
854 2823 1007 2899 quod
1033 2825 1287 2882 omnium
1313 2845 1404 2885 res
1430 2837 1603 2903 gestae
1649 2827 1953 2903 separatim
2003 2828 2133 2886 s'unt

354 2919 561 2976 relatae.
642 2916 847 2995 Neque
872 2930 1063 2977 tamen
1090 2919 1150 2976 hi
1179 2920 1484 2980 admodum
1522 2933 1654 2980 sunt
1700 2922 1889 2980 multi„
1959 2923 2132 2981 Lace-

354 3013 666 3082 daemonius
712 3027 899 3072 autem
927 3013 1235 3089 Agesilaiis
1282 3016 1532 3089 nomine,
1561 3036 1676 3076 non
1702 3029 1997 3095 potestate,
2026 3017 2132 3076 fuit

237 3109 319 3167 25
356 3126 488 3179 rex3
530 3108 699 3167 sicuti
725 3108 914 3167 caeteri
943 3109 1225 3186 Spartani.
1305 3110 1397 3169 Ex
1423 3110 1512 3168 his
1539 3110 1693 3186 vero,
1740 3113 1837 3189 qui
1884 3112 2132 3170 domina-

356 3214 477 3261 tum
504 3203 740 3280 imperio
764 3215 1086 3278 tenuerunt,
1115 3206 1576 3264 excellentissimi
1618 3209 1848 3267 suerunt
1893 3207 1983 3286 (ut
2028 3228 2133 3267 nos

352 3298 699 3378 judicamus)
730 3299 1027 3359 Persarum
1054 3301 1259 3377 Cyrus,
1285 3313 1342 3360 et
1369 3302 1578 3361 Darius
1620 3303 1923 3380 Hystaspis
1948 3305 2132 3374 filius3

355 3411 591 3470 quorum
617 3404 851 3471 uterque
901 3396 1149 3473 privatus
1183 3395 1393 3456 ¹virtute
1455 3415 1693 3476 regnum
1745 3411 1833 3459 est
1881 3401 2132 3476 adeptus.

356 3488 516 3549 Prior
543 3492 742 3550 horum
771 3494 917 3567 apud
940 3492 1294 3570 Massagetas
1322 3492 1381 3551 in
1403 3493 1600 3571 proelio
1617 3493 1842 3552 cecidit.
1926 3493 2135 3553 Darius
2172 3567 2179 3571 ἵ
