2492 4207
1005 310 1399 359 HAMILCAR.
1798 275 1802 279 ’
2118 300 2192 357 97

301 465 547 543 Lutatio,
577 471 813 529 consule
840 470 1253 541 Romanorum,
1282 469 1547 545 superati,
1589 481 1907 528 statuerunt
1948 470 2083 527 belli

300 565 472 624 finem
501 566 711 639 facere,
740 585 975 641 eamque
1003 585 1122 624 rem
1167 565 1400 623 arbitrio
1445 566 1820 640 permiserunt
1866 565 2085 623 Hamil-

299 661 463 718 caris.
548 660 673 733 Ille,
726 662 832 721 etsi
886 661 1159 737 flagrabat
1214 660 1463 717 bellandi
1517 660 1843 735 cupiditate,
1891 674 2082 719 tamen

296 757 430 831 paci
457 755 813 814 serviendum
839 755 1074 833 putavit,
1101 754 1254 831 quod
1281 756 1520 831 patriam
1546 756 1879 812 exhaustam
1899 759 2085 833 sump-

297 852 474 924 tibus,
502 851 714 910 diutius
741 852 1122 911 calamitatem
1149 851 1284 908 belli
1312 852 1457 908 serre
1478 869 1592 908 non
1620 869 1786 926 posse
1814 850 2087 927 intellige-
2123 852 2164 908 5

300 950 432 1018 bat3
473 950 574 1007 sed
601 951 699 1023 ita,
727 963 790 1010 ut
816 951 1003 1009 statim
1033 962 1221 1008 mente
1262 949 1519 1025 agitaret,
1549 949 1596 1006 si
1636 945 1870 1024 paulum
1904 934 2085 1006 ‘modo

300 1062 393 1101 res
418 1056 609 1103 essent
630 1047 876 1117 refectae,
907 1046 1117 1101 bellum
1148 1063 1439 1116 renovare,
1468 1044 1874 1118 Romanosque
1921 1044 2089 1100 armis

298 1139 579 1215 persequi,
608 1140 877 1198 donicum
907 1151 1005 1198 aut
1031 1137 1188 1201 cette
1225 1139 1512 1211 vicissent,
1562 1151 1658 1197 aut
1704 1139 1839 1197 victi
1886 1157 2089 1196 manus

299 1235 606 1294 dedissent.
715 1237 846 1294 Hoc
872 1236 1138 1294 -consilio
1201 1254 1402 1311 pacem
1465 1235 1809 1308 conciliavit,
1866 1236 1924 1293 in
1976 1235 2089 1310 qua

302 1329 459 1388 tanta
492 1329 861 1402 fuitferocifi,
891 1341 972 1403 ut,
1011 1343 1182 1406 quum
1204 1331 1448 1389 Catulus
1489 1343 1727 1407 negaret
1771 1350 1832 1388 se
1876 1331 2088 1400 bellurn
2133 1330 2206 1386 lo

300 1425 762 1502 compositurum,
790 1425 900 1482 nisi
955 1426 1048 1483 ille
1101 1445 1233 1484 cum
1289 1426 1427 1499 suis,
1473 1426 1572 1502 qui
1621 1426 1868 1500 Erycem
1893 1438 2090 1485 tenue-

298 1531 453 1592 runt,
510 1520 682 1578 armis
733 1520 962 1593 relictis,
1018 1521 1218 1578 Sicilia
1268 1522 1634 1591 decederent,
1678 1521 2089 1578 succumbente

298 1615 500 1690 patria,
530 1615 649 1691 ipse
676 1616 985 1691 periturum
1012 1636 1073 1673 se
1100 1615 1291 1692 potius
1318 1613 1544 1686 dixerit,
1572 1612 1744 1688 quam
1772 1634 1904 1671 cum
1931 1627 2090 1673 tanto

300 1708 513 1785 flagitio
555 1711 786 1768 domum
832 1710 1059 1768 rediret.
1141 1708 1276 1767 Non
1320 1709 1475 1766 enim
1518 1728 1636 1766 suae
1682 1728 1806 1767 esse
1850 1710 2089 1782 virtutiS,

300 1823 455 1862 arma
480 1824 516 1862 a
540 1805 723 1880 patria
770 1815 1009 1879 accepta
1056 1802 1326 1861 adversus
1373 1805 1562 1862 hostes
1603 1804 1938 1880 adversariis
1983 1818 2092 1863 tra-
2135 1805 2207 1861 15

298 1899 453 1957 dere.
536 1900 730 1974 Hujus
756 1898 1087 1974 pertinaciae
1115 1898 1289 1967 cessit
1315 1899 1573 1956 CatuluS.

377 1993 459 2051 ΙΙ.
542 1994 623 2051 At
650 1988 858 2066 ille,“ut
894 1993 1304 2070 Carthaginem
1345 1993 1519 2066 venit,
1564 1992 1744 2051 multo
1795 1993 1975 2066 aliter,
2026 2008 2117 2050 ac·

299 2088 579 2166 sperabat,
609 2089 1016 2165 rempublicam
1043 2110 1113 2164 se·
1134 2090 1438 2150 habentem
1461 2088 1742 2167 cognovit.
1826 2088 2090 2165 Namque

300 2185 669 2245 diuturnitate
714 2186 933 2243 externi
985 2186 1119 2245 mali
1180 2186 1405 2245 tantum
1476 2186 1687 2245 exarsit
1757 2186 2089 2245 intestinum

302 2282 526 2356 bellum,
555 2295 618 2342 ut
640 2302 929 2357 nunquam
955 2284 1077 2359 pari
1112 2283 1365 2358 peric->ulo
1409 2283 1578 2341 fuerit
1624 2284 1933 2359 Carthago,
1979 2282 2090 2342 nisi
2128 2282 2208 2338 20

301 2396 470 2451 quum
493 2378 682 2436 deleta
711 2389 813 2435 est.
897 2375 1089 2434 Primo
1117 2377 1458 2435 mercenarii
1485 2377 1711 2449 militeS,
1755 2378 1852 2452 qui
1899 2377 2092 2434 adver-

302 2470 399 2529 sus
440 2472 735 2530 Romanos
789 2472 1034 2543 fuerant,
1089 2471 1489 2529 desciverunt:
1532 2489 1770 2546 quorum
1817 2489 2091 2527 numerus

303 2576 425 2623 erat
451 2566 651 2642 viginti
688 2561 961 2628 millium.
1006 2565 1108 2634 xHi
1148 2576 1323 2623 totam
1370 2565 1765 2623 abalienarunt
1811 2564 2089 2637 Africam,

304 2662 483 2738 ipsam
511 2662 916 2738 Carthaginem
962 2661 1379 2736 oppugnarunt.
1460 2661 1693 2742 Quibus
1734 2660 1899 2744 malis
1942 2659 2086 2719 adeo

304 2767 438 2815 sunt
464 2755 625 2812 Poeni
651 2756 949 2832 perterriti,
979 2767 1042 2813 ut
1068 2756 1240 2813 etiam
1272 2755 1480 2813 auxilia
1510 2776 1542 2813 a
1570 2756 1854 2814 Romanis
1879 2757 2090 2832 petive-
2124 2757 2206 2814 25

302 2852 438 2924 rint,
461 2868 637 2924 eaque
666 2851 1032 2927 impetrarint.
1116 2851 1232 2908 Sed
1260 2850 1532 2923 extremo,
1575 2871 1747 2926 quum
1780 2872 1952 2927 prope
1975 2852 2092 2927 jam

276 2947 378 3005 ·ad
408 2944 857 3019 desperationem
909 2946 1319 3022 pervenissent,
1364 2946 1749 3007 Hamilcarem
1798 2948 2092 3022 imperato-

305 3061 425 3100 rem
455 3042 729 3098 fecerunt.
808 3040 868 3097 Is
895 3061 1008 3098 non
1037 3039 1220 3099 solum
1249 3042 1439 3098 hostes
1468 3045 1505 3097 a
1527 3041 1702 3099 muris
1725 3042 2092 3118 Carthaginis

307 3136 561 3209 removit,
585 3153 758 3211 quum
781 3133 1018 3209 amplius
1059 3149 1291 3195 centum
1318 3136 1496 3192 millia
1522 3137 1672 3193 facta
1697 3148 1886 3194 essent
1916 3156 2093 3195 arma-

311 3244 533 3302 torum3
577 3231 678 3289 sed
721 3229 893 3293 etiam
940 3229 1008 3287 eo
1055 3232 1345 3309 compulit,
1395 3243 1475 3304 ut,
1517 3232 1768 3289 locorum
1818 3234 2092 3308 angustiis
2130 3234 2206 3290 30

311 3328 508 3401 clausi,
562 3328 751 3403 plures
804 3326 974 3398 fame,
1026 3326 1193 3401 quam
1246 3329 1394 3387 ferro
1460 3327 1771 3385 interirent.
1878 3328 2093 3386 Omnia

312 3422 516 3499 oppida
543 3422 880 3494 abalienata,
911 3421 970 3477 in
1007 3422 1095 3479 his
1134 3424 1364 3481 Uticam
1409 3435 1574 3497 atque
1619 3421 1961 3499 Hipponem,
2002 3442 2094 3479 va-

316 3517 628 3578 lentissima
666 3518 838 3577 totius
893 3517 1126 3588 Africae,
1180 3511 1685 3593 restituit-patriae.
1769 3517 1970 3593 Neque
2022 3534 2093 3573 eo

778 3613 819 3668 9
