2492 4207
344 219 455 278 120
790 282 807 298 .
930 229 990 278 T.
1024 227 1421 282 POMPONIUS
1454 219 1776 277 ATTICUs.

453 390 662 462 villam,
688 403 875 463 neque
903 388 963 445 in
991 387 1178 461 Italia,
1225 397 1429 464 praeter
1466 386 1844 445 Ardeatinam
1884 398 1942 445 et
1982 386 2235 447 Nomen-

354 515 359 518 -
453 497 669 557 tanum,
731 483 1004 541 rusticum
1038 523 1039 526 η
1077 482 1390 560 praedium:
1452 482 1747 558 omnisque
1799 482 1921 558 ejus
1971 484 2233 559 pecuniae

452 568 668 637 reditus
694 578 991 636 constabat
1010 577 1070 634 in
1098 578 1404 653 Epiroticis
1431 589 1490 635 et
1501 578 1746 635 ‘urbanis
1765 578 2228 654 possessionibus,

450 673 540 732 Ex
566 693 677 750 quo
703 673 972 749 cognosci
998 683 1199 748 potest,
1229 691 1361 730 eum
1390 691 1554 730 usum
1597 672 1876 748 pecuniae,
1920 693 2034 731 non
2077 693 2231 751 mag-

371 772 410 827 5
447 770 727 842 nitudine,
757 769 857 826 sed
885 767 1121 839 ratione,
1151 767 1339 825 metiri
1366 766 1609 826 solitum,

523 865 682 921 XV.⁴
738 857 1109 921 Mendacium
1135 882 1321 938 neque
1349 862 1595 935 dicebat,
1623 882 1807 938 neque
1834 862 1951 939 pati
1997 875 2227 939 poterat.

435 959 633 1035 Itaque
658 961 782 1036 ejus
808 959 1045 1018 comitas
1071 978 1186 1017 non
1228 957 1675 1016 sineseveritate
1702 969 1842 1024 erat,
1881 977 2065 1033 neque
2107 979 2231 1036 gra-

400 1131 401 1134 *
445 1056 587 1115 vitas
613 1056 737 1114 sine
766 1054 1055 1127 facilitate,
1105 1066 1165 1112 ut
1210 1052 1441 1134 difficile
1493 1064 1642 1111 esset
1684 1052 1995 1124 intellectu,
2040 1052 2228 1113 utrum

440 1141 575 1216 ‚etim
605 1150 774 1209 amici
820 1150 1003 1226 magis
1055 1160 1403 1221 vererentur,
1459 1167 1532 1205 an
1576 1160 1847 1222 amarent.
1929 1147 2256 1223 Quidquid.

333 1246 405 1302 10
442 1246 763 1322 rogabatur,
817 1242 1080 1320 religiose
1132 1242 1531 1320 promittebat;
1592 1241 1743 1318 quod
1791 1262 1906 1301 non
1958 1243 2252 1317 liberaliS,'

442 1342 543 1399 sed
580 1339 754 1412 ¹leviS,
809 1339 1201 1411 arbitrabatur,
1254 1337 1509 1413 polliceri
1576 1338 1724 1412 quod
1794 1348 2060 1415 praestare
2113 1349 2225 1398 non'

329 1425 335 1440 ³
437 1447 642 1511 posset.
725 1434 888 1492 Idem
936 1434 996 1490 in
1044 1434 1279 1492 nitendo
1322 1432 1471 1506 quod
1511 1434 1687 1490 semel
1719 1433 2040 1506 annuisset,
2068 1435 2227 1493 tanta

439 1542 560 1588 erat
585 1529 743 1603 cura,
792 1542 855 1588 ut
896 1548 1012 1587 non
1065 1519 1391 1585 mandatam
1438 1528 1537 1584 sed
1581 1546 1745 1584 suam
1785 1548 1918 1585 rem?
1942 1526 2225 1608 videretur

416 1615 623 1702 agere.
705 1625 1018 1700 Nunquam
1059 1622 1322 1699 suscepti.
1348 1622 1561 1698 negotii
1601 1641 1732 1679 eum
1773 1633 2075 1699 pertaesum
2117 1636 2220 1683 est.

329 1724 399 1779 15
441 1722 617 1778 Suam
645 1721 800 1790 enim
828 1718 1306 1777 existimationem
1347 1717 1405 1775 in
1448 1703 1531 1776 ea·
1560 1736 1620 1775 re
1670 1716 1761 1793 agi
1803 1717 2067 1800 putabat3
2110 1719 2223 1793 qua

435 1816 578 1874 nihil
607 1816 854 1874 habebat
880 1813 1086 1873 carius.
1167 1813 1307 1876 Quo
1333 1814 1525 1886 fiebat,
1553 1825 1621 1872 ut
1634 1812 1828 1872 omnia
1853 1812 2221 1892 Ciceronum,

436 1911 696 1985 Catonia,
753 1910 946 1983 Marii,
1003 1908 1319 1981 Hortensii,
1375 1909 1514 1967 Auli
1567 1908 1865 1984 Torquati,
1920 1909 2221 1967 multorum

378 2008 381 2013 '
434 2018 710 2082 praeterea
736 1995 989 2081 equitum
1018 2003 1416 2062 Romanorum*
1438 2004 1669 2080 negotia
1707 1995 2052 2081 procuraret.
2129 2004 2221 2074 Ex

433 2089 542 2175 quo
588 2099 835 2175 judicari
885 2109 1123 2173 poterat,
1173 2117 1292 2155 non
1341 2097 1547 2155 inertia
1594 2098 1692 2155 sed
1742 2099 1963 2174 judicio
2010 2099 2218 2176 fugisse

317 2197 395 2253 20
431 2194 757 2270 reipublicae
781 2190 1253 2268 procurationem.

507 2287 673 2346 XVI.
756 2284 1144 2344 Humanitatis
1170 2284 1303 2343 vero
1331 2286 1551 2343 nullum
1599 2286 1797 2344 afferre
1841 2288 2025 2364 majus
2066 2291 2221 2349 testi·

430 2383 684 2470 monium
735 2400 984 2459 possum,
1037 2379 1209 2456 quam
1259 2379 1412 2457 quod
1457 2368 1814 2440 ¹adolescens
1889 2382 2040 2441 idem
2095 2386 2218 2443 seni

430 2479 604 2536 Sullae
632 2477 803 2539 fuerit
816 2464 1284 2554 jucundissimus,
1306 2496 1483 2534 senex
1511 2478 1857 2537 adolescenti
1887 2477 1969 2536 M.
2000 2479 2176 2538 Bruto
2199 2501 2213 2550 ;

431 2593 564 2632 cum
590 2573 900 2648 aequalibus
927 2583 1114 2630 autem
1154 2573 1292 2644 suiS,
1338 2572 1417 2633 Q.
1467 2572 1776 2632 Hortensio
1821 2585 1879 2632 et
1925 2573 2007 2631 M.
2054 2575 2217 2633 Cice-

314 2670 392 2728 25
430 2688 588 2742 rone,
618 2669 702 2726 sic
728 2667 949 2743 vixerit,
979 2679 1042 2726 ut
1062 2652 1323 2743 judicare
1350 2667 1581 2726 difficile
1608 2658 1700 2742 sit,
1729 2667 1823 2726 cui
1871 2669 2021 2728 aetati
2051 2670 2215 2728 fuerit

410 2762 769 2841 aptissimus.
851 2763 1200 2837 Quanquam
1239 2781 1372 2820 eum
1418 2762 1720 2840 praecipue'
1749 2763 1947 2822 dilexit
1977 2764 2212 2839 Cicero,

428 2872 492 2918 ut
520 2879 594 2917 ne
622 2861 791 2917 frater
817 2858 1046 2934 quidem
1073 2858 1128 2916 ei
1147 2857 1407 2941 Quintus
1435 2858 1616 2917 carior
1644 2858 1815 2917 fuerit
1842 2871 1941 2917 aut
1981 2859 2215 2919 familia·

427 2954 555 3013 rior.
638 2953 711 3011 Ei
739 2954 822 3013 rei
843 2965 974 3023 sunt
1002 2953 1238 3026 indicio,
1267 2965 1467 3030 praeter
1495 2973 1593 3013 eos
1618 2953 1792 3014 libros
1825 2955 1885 3012 in
1912 2955 2112 3038 quibus
2138 2956 2211 3012 de

428 3068 497 3107 eo
519 3050 655 3108 facit
681 3050 1050 3121 mentionem,
1076 3049 1174 3124 qui
1202 3049 1262 3106 in
1289 3049 1489 3125 vulgus
1536 3061 1669 3108 sunt
1721 3051 1879 3123 editi,
1921 3049 2207 3107 sexdecim

313 3144 390 3202 3⁰
429 3144 714 3203 volumina
732 3146 1114 3223 epistolarum,
1145 3145 1216 3202 ab
1243 3144 1542 3203 consulatu
1568 3145 1694 3222 ejus
1715 3164 1890 3221 usque
1907 3144 1985 3200 ad
2026 3155 2209 3207 extre-

427 3257 582 3296 mum
610 3251 831 3318 tempus
859 3241 929 3298 ad
959 3241 1218 3299 Atticum
1238 3240 1572 3299 missarum:
1618 3259 1742 3317 quae
1767 3238 1861 3314 qui
1901 3238 2073 3315 legat,
2089 3259 2208 3298 non

426 3333 666 3392 multum
698 3336 981 3395 desideret
1027 3335 1318 3393 historiam
1361 3326 1699 3409 contextam
1727 3334 1946 3391 illorum
1995 3345 2210 3411 tempo-

426 3436 567 3489 rum.
676 3431 775 3489 Sic
827 3432 980 3490 enim
1028 3430 1221 3489 omnia
1273 3432 1344 3489 de
1400 3431 1600 3491 studiis
1661 3412 2003 3507 ²principum,
2057 3430 2210 3490 vitiis
