2492 4207
889 253 1335 306 ALCIBIADES.
2046 247 2125 307 29

205 419 444 478 domum
471 417 544 474 ad
571 433 807 475 causam
832 416 1140 476 dicendam
1167 417 1399 490 rediret,
1426 428 1687 494 essetque
1714 416 1776 476 in
1796 418 2011 495 magni

193 503 308 592 spe
327 512 636 591 provinciae
669 513 814 572 bene
856 512 1362 583 administrandae3
1403 532 1518 571 non
1560 532 1757 592 parere
1804 512 2008 587 noluit,

201 620 266 669 et
293 608 355 667 in
383 609 635 682 trierem,
662 628 785 686 quae
816 609 888 666 ad
916 628 1050 668 eum
1078 610 1495 686 deportandum
1521 622 1641 669 erat
1686 610 1879 683 missa,
1922 628 2008 668 as-

200 705 425 764 cendit.
510 704 642 763 Hac
666 704 922 764 Thurios
944 705 1008 763 in
1022 704 1252 764 Italiam
1266 717 1589 782 pervectus,
1611 707 1788 765 multa
1807 724 2006 765 secum

197 814 484 880 reputans
508 802 580 860 de
609 800 981 863 immoderata
1011 800 1224 860 civium
1252 820 1485 860 suorum
1523 801 1778 875 licenti&
1807 801 2007 861 crude·
2042 802 2084 859 5

193 897 478 974 litateque
503 916 642 975 erga
667 898 906 972 nobiles,
951 897 1317 965 utilissimum
1357 909 1535 977 ratus,
1582 896 2007 974 impendentem

192 993 416 1052 evitare
456 1006 871 1071 tempestatem,
901 995 1052 1053 clam
1079 1014 1141 1052 se
1170 1014 1205 1052 a
1229 993 1566 1073 custodibus
1614 993 1904 1067 subduxit,
1947 1005 2007 1052 et

192 1087 338 1147 inde
365 1087 610 1166 primum
639 1090 889 1164 Elidem,
918 1090 1129 1148 deinde
1167 1090 1405 1149 Thebas
1444 1090 1617 1149 venit.
1699 1090 2008 1166 Postquam

192 1196 393 1243 autem
421 1205 483 1243 se
510 1186 715 1263 capitis
743 1188 1098 1259 damnatum,
1121 1186 1288 1244 bonis
1312 1185 1640 1264 publicatis,
1665 1184 1901 1258 audivit,
1929 1196 2006 1258 et,

188 1279 255 1338 id
283 1282 438 1356 quod
464 1302 573 1340 usu
614 1293 871 1355 venerat,
920 1281 1293 1359 Eumolpidas
1340 1283 1666 1341 sacerdotes
1713 1300 1749 1339 a
1793 1280 2003 1358 populo
2045 1282 2119 1339 lo

188 1388 450 1450 coactos,
479 1389 544 1436 ut
569 1398 632 1436 se
660 1378 1020 1452 devoverent,
1049 1378 1288 1455 ejusque
1315 1378 1654 1451 devotionis,
1683 1375 1795 1454 quo
1834 1389 2006 1436 testa·

186 1471 308 1530 tior
335 1484 489 1531 esset
513 1472 806 1547 memoria,
835 1475 1179 1552 exemplum,
1209 1474 1275 1535 in
1308 1474 1426 1552 pila
1464 1474 1691 1551 lapidea
1734 1473 2001 1545 incisum,

187 1587 323 1627 esse
374 1568 622 1645 positum
670 1569 729 1628 in
784 1570 1035 1647 publico,
1106 1569 1590 1628 Lacedaemonem
1643 1569 1999 1645 demigravit.

189 1662 306 1736 Ibi,
330 1675 393 1722 ut
420 1664 544 1742 ipse
564 1665 877 1742 predicare
905 1678 1306 1738 consueverat,
1349 1685 1466 1723 non
1515 1664 1788 1729 adversus
1832 1664 2003 1742 patri-

189 1779 305 1834 am,
335 1762 437 1819 sed
465 1762 731 1820 inimicos
757 1780 891 1819 suos
917 1760 1132 1818 bellum
1159 1760 1358 1838 gessit,
1386 1758 1540 1837 quod
1590 1760 1764 1818 iidem
1812 1762 2003 1820 hostes
2048 1762 2120 1818 15

186 1870 388 1923 essent
414 1857 651 1916 civitati.
735 1855 891 1912 Nam
918 1873 1095 1929 quum
1137 1856 1546 1931 intelligerent,
1589 1875 1651 1913 se
1693 1854 2002 1932 plurimnm

183 1954 466 2030 prodesse
490 1970 659 2028 posse
685 1949 1037 2026 reipublicae,
1079 1969 1150 2008 ex
1197 1950 1271 2009 ea
1316 1949 1580 2026 ejecisse,
1626 1947 1866 2027 plusque
1904 1950 2001 2007 irae

186 2066 334 2121 suae,
372 2045 544 2124 quim
591 2045 822 2106 utilitati
875 2045 1167 2106 communi
1215 2044 1492 2123 paruisse.
1577 2044 1779 2123 Itaque
1833 2046 2004 2123 hujus

188 2143 433 2204 consilio
461 2142 887 2202 Lacedaemonii
936 2161 1069 2200 cum
1115 2142 1421 2203 Persarum
1470 2142 1639 2219 Rege
1687 2142 1999 2202 amicitiam

190 2241 484 2310 fecerunt3
527 2239 737 2297 deinde
766 2238 1066 2297 Deceliam
1088 2237 1149 2296 in
1177 2238 1381 2297 Attica
1428 2239 1780 2312 munierunt,
1806 2240 1998 2316 praesi-
2035 2241 2117 2298 2⁰

190 2337 397 2412 dioque
422 2348 698 2413 perpetuo
726 2335 806 2393 ibi
831 2335 1017 2411 posito
1044 2334 1106 2392 in
1141 2335 1441 2393 obsidione
1485 2336 1751 2394 Athenas
1798 2347 1996 2394 tenue-

190 2443 359 2502 runt3
427 2432 686 2508 ejusdem
739 2430 913 2508 opera
968 2430 1194 2489 Ioniam
1250 2448 1285 2486 a
1337 2429 1610 2488 societate
1672 2442 2000 2489 averterunt

193 2528 678 2587 Atheniensium:
720 2547 833 2603 quo
880 2529 1035 2586 facto
1079 2525 1262 2584 multo
1283 2600 1288 2606 ι
1306 2524 1625 2603 superiores
1673 2526 1824 2585 bello
1870 2544 1997 2583 esse

191 2613 506 2699 coeperunt'.

270 2718 345 2775 V.
427 2717 631 2800 Neque
658 2717 790 2778 vero
820 2718 910 2777 his
936 2718 1107 2777 rebus
1153 2730 1274 2777 tam
1311 2718 1483 2776 amici
1527 2718 1818 2776 Alcibiadi
1860 2730 1994 2777 sunt
2031 2720 2109 2777 25

191 2813 353 2888 facti,
377 2812 546 2889 quam
573 2814 772 2874 timore
802 2815 874 2873 ab
902 2835 973 2874 eo
1000 2814 1248 2873 alienati.
1333 2814 1488 2872 Nam
1515 2834 1690 2890 quum
1728 2813 1992 2873 acerrimi

189 2910 297 2969 viri
322 2921 685 2987 praestantem
730 2911 1092 2989 prudentiam
1133 2911 1193 2968 in
1229 2911 1496 2969 omnibus
1536 2912 1708 2969 rebus
1754 2929 1991 2987 cognos-

192 3018 410 3080 cerent,
439 3006 869 3084 pertimuerunt,
898 3027 973 3066 ne
1001 3007 1239 3066 caritate
1266 3007 1462 3083 patriae
1491 3008 1698 3065 ductus
1741 3005 1991 3082 aliquan-

193 3103 266 3160 do
293 3104 366 3161 ab
393 3102 532 3181 ipsis
559 3102 921 3177 descisceret,
949 3115 1010 3162 et
1030 3123 1164 3162 cum
1202 3103 1321 3162 suis
1368 3103 1427 3161 in
1469 3103 1710 3180 gratiam
1758 3103 1985 3162 rediret.

194 3198 396 3275 Itaque
423 3212 650 3277 tempus
696 3199 821 3275 ejus
866 3199 1250 3259 interficiendi
1297 3218 1550 3275 quaerere
1600 3198 1983 3259 instituerunt.
2025 3201 2104 3258 30

195 3294 263 3354 Id
291 3296 586 3355 Alcibiadi
627 3295 843 3354 diutius
888 3297 1062 3355 celari
1115 3316 1231 3355 non
1278 3295 1498 3371 potuit3
1541 3307 1662 3354 erat
1714 3296 1868 3354 enim
1914 3296 1986 3354 ei

194 3392 525 3469 sagacitate,
548 3403 612 3452 ut
628 3391 819 3468 decipi
839 3410 954 3450 non
973 3404 1183 3469 posset,
1203 3391 1523 3469 praesertim
1540 3410 1712 3466 quum
1730 3392 1984 3451 animum

198 3488 529 3548 attendisset
583 3489 656 3547 ad
710 3488 1044 3547 cavendum.
1128 3488 1330 3564 Itaque
1385 3488 1456 3546 ad
1510 3487 1978 3578 Tissaphernem,

584 3586 623 3642 3
644 3583 679 3619 ἢ
