2492 4207
306 231 387 290 82
1138 235 1490 287 EUMENES.

425 397 849 458 administravit.
955 397 1071 454 Sed
1119 396 1299 454 exiles
1349 415 1441 454 res
1492 395 1670 454 animi
1735 396 2212 474 magnitudinem,

422 496 535 572 etsi
555 515 672 553 non
721 494 1080 570 frangebant,
1130 505 1323 551 tamen
1369 492 1720 551 minuebant.
1803 492 1981 551 Hunc
2024 514 2213 570 perse-

419 610 599 666 quens
627 589 975 666 Antigonus,
1002 608 1177 664 quum
1202 588 1362 646 omni
1388 608 1599 665 genere
1627 587 1920 665 copiarum
1961 589 2211 648 abunda-

418 696 523 758 ret,
567 683 717 761 saepe
766 684 826 741 in
874 683 1187 742 itineribus,
1221 684 1564 754 vexabatur3
1606 703 1792 760 neque
1838 704 2088 761 unquam
2134 686 2210 745 ad

339 782 379 837 5
416 779 650 841 ma‘num
697 780 971 838 accedere
1018 779 1250 852 licebat,
1293 779 1406 837 nisi
1452 779 1542 836 his
1588 779 1749 853 locis,
1777 780 1998 855 -quibus
2039 780 2210 857 pauci

416 888 648 951 possent
673 875 864 943 multis
901 873 1180 932 resistere.
1266 875 1383 932 Sed
1425 886 1678 932 extremo
1720 886 1992 951 tempore,
2034 894 2210 952 quum

417 971 659 1035 consilio
682 969 810 1045 capi
837 988 951 1026 non
979 981 1187 1044 posset,
1215 970 1580 1028 multitudine
1628 969 2055 1045 circumventus
2101 956 2205 1031 est.

418 1065 576 1122 Hinc
602 1078 813 1136 tamen,
842 1063 1033 1122 multis
1060 1064 1178 1122 suis
1204 1058 1447 1138 amissis,
1476 1085 1537 1123 se
1565 1066 1871 1142 expedivit,
1898 1078 1956 1126 et
1998 1067 2055 1124 in
2079 1086 2208 1126 cas·

332 1194 338 1201 ·
416 1161 612 1231 tellum
654 1158 935 1234 Phrygiae,
989 1160 1139 1235 quod
1187 1159 1351 1219 Nora
1400 1161 1728 1237 appellatur,
1777 1161 2052 1238 confugit.
2133 1162 2207 1219 In

305 1257 378 1314 10
416 1275 527 1330 quo
552 1270 726 1331 quum
773 1253 1307 1327 circumsederetur,
1344 1268 1403 1314 et
1449 1268 1756 1326 vereretur,
1799 1276 1874 1316 ne
1921 1277 2039 1317 uno
2079 1259 2208 1317 loco

414 1368 653 1407 manens
703 1366 877 1423 equos
929 1347 1202 1419 militares
1253 1350 1534 1426 perderet,
1589 1350 1743 1426 quod
1797 1353 2041 1429 spatium
2088 1372 2206 1411 non

325 1439 329 1442 ’
413 1456 562 1503 esset
605 1442 890 1521 agitandi3
953 1443 1223 1503 callidum
1267 1443 1374 1501 suit
1419 1443 1544 1520 ejus
1581 1445 1897 1521 inventum,
1941 1448 2207 1523 quemad-

413 1541 644 1599 modum
670 1551 829 1597 stans
850 1539 1172 1615 jumentum
1200 1538 1450 1599 calefieri
1470 1541 1839 1617 exercerique
1864 1555 2075 1618 posset,
2092 1542 2204 1619 quo

412 1633 682 1693 libentius
708 1647 767 1693 et
792 1634 924 1693 cibo
951 1646 1223 1707 uteretur,
1252 1645 1310 1692 et
1338 1652 1371 1691 a
1398 1634 1648 1711 corporis
1674 1647 1829 1713 motu
1858 1656 1973 1717 non
2024 1657 2208 1696 remo-

249 1736 260 1750 ⁰
300 1733 374 1791 15
412 1743 651 1791 veretur.
734 1730 1175 1807 substringebat
1199 1741 1375 1808 caput
1393 1730 1515 1789 loro
1560 1728 1750 1805 altius,
1776 1730 1950 1807 quam
1991 1743 2055 1791 ut
2094 1733 2208 1808 pri-

411 1828 603 1887 oribus
648 1827 891 1904 pedibus
910 1890 913 1895 .
930 1824 1100 1907 plane
1124 1837 1354 1884 =terram
1399 1838 1590 1903 posset
1637 1826 1953 1904 attingere3
1996 1827 2205 1886 deinde

408 1922 539 2001 post
563 1923 890 1981 verberibus
919 1922 1173 2003 cogebat
1218 1922 1495 1995 exultare,
1549 1933 1608 1981 et
1659 1910 1848 1981 calces
1898 1921 2202 1981 remittere.

409 2019 534 2081 Qui
552 2031 739 2077 motus
765 2038 882 2077 non
910 2015 1099 2075 minus
1116 2088 1117 2093 ἵ
1137 2017 1403 2075 sudorem
1451 2017 1796 2093 excutiebat,
1835 2016 2003 2094 quam
2053 2018 2102 2076 si
2144 2018 2203 2076 in

410 2114 592 2190 spatio
639 2114 981 2170 decurreret.
1073 2111 1229 2173 'Quo
1278 2113 1492 2169 factum
1545 2123 1652 2185 est,
1726 2116 1877 2188 quod
1941 2115 2204 2180 omnibus

290 2211 372 2269 2⁰
410 2208 667 2268 mirabile
686 2219 781 2264 ‚est
806 2207 1009 2278 visum,
1039 2216 1102 2263 ut
1142 2205 1407 2280 jumenta
1449 2204 1609 2280 aeque
1648 2206 1832 2264 nitida
1872 2227 1944 2265 ex
1971 2210 2206 2268 castello

407 2303 701 2374 educeret,
727 2320 901 2376 quum
928 2300 1248 2376 complures
1276 2318 1502 2358 menses
1543 2299 1604 2357 in
1639 2301 1936 2361 obsidione
1983 2303 2202 2378 fuisset,

411 2416 479 2456 ac
504 2398 555 2455 si
580 2396 642 2454 in
664 2394 1081 2472 campestribus
1108 2413 1185 2456 ea
1221 2394 1365 2454 locis
1408 2396 1714 2454 habuisset.
1796 2396 1870 2454 In
1912 2398 2025 2456 hac
2068 2419 2202 2458 con-

409 2494 684 2565 clusione,
712 2491 1177 2568 quotiescumque
1205 2490 1401 2564 voluit,
1425 2504 1756 2568 apparatum
1776 2505 1835 2551 et
1856 2494 2201 2553 munitiones

409 2589 688 2666 Antigoni
716 2586 856 2647 alias
876 2587 1155 2660 incendit,
1188 2585 1329 2656 alias
1358 2587 1600 2663 disjecit.
1682 2587 1903 2647 Tenuit
1932 2600 2122 2648 autem
2139 2610 2199 2649 se

289 2686 371 2743 25
409 2703 524 2742 uno
550 2685 696 2755 loc0,
724 2682 994 2758 quamdiu
1018 2682 1123 2741 fuit
1150 2682 1350 2741 hiems.
1433 2684 1548 2744 Sed
1576 2680 1729 2759 quod
1770 2697 2019 2743 castrum
2064 2687 2196 2745 sub-

407 2780 554 2840 sidia
580 2779 790 2837 habere
816 2798 931 2839 non
958 2789 1196 2854 poterat,
1217 2791 1277 2837 et
1292 2797 1386 2836 ver
1411 2778 1912 2854 appropinquabat,
1936 2781 2200 2840 simulata

408 2874 717 2946 deditione,
742 2874 878 2930 dum
905 2873 977 2929 de
1003 2873 1426 2931 conditionibus
1452 2885 1675 2946 tractat,
1702 2876 1988 2950 praefectis
2034 2877 2199 2936 Anti-

406 2971 541 3048 goni
568 2967 835 3046 imposuit
854 2988 876 3038 3,
910 2987 1082 3042 seque
1111 2987 1180 3026 ac
1206 2988 1338 3027 suos
1363 2987 1562 3026 omnes
1588 2970 1834 3029 extraxit
1862 2970 2192 3030 incolumes.

202 3086 207 3092 ⁴
262 3143 265 3146 Ι
487 3065 593 3123 VI.
676 3065 773 3122 Ad
801 3065 957 3122 hunc
982 3061 1302 3141 Olympias,
1330 3075 1511 3122 mater
1552 3082 1676 3140 quae
1721 3067 1905 3125 fuerat
1944 3065 2193 3132 Alexan-

151 3115 372 3221 &3⁰
408 3159 517 3232 dri,
542 3179 717 3235 quum
742 3159 963 3224 litteras
982 3169 1041 3217 et
1061 3159 1293 3218 nuntios
1330 3159 1575 3238 misisset
1602 3159 1663 3218 in
1705 3161 1925 3232 Asiam,
1963 3162 2193 3219 consul-

408 3268 550 3327 tum,
579 3253 768 3312 utrum
814 3254 1116 3331 repetitum
1156 3253 1563 3334 Macedoniam
1603 3256 1819 3313 veniret
1866 3253 2029 3330 (nam
2068 3266 2191 3316 tum

409 3351 471 3410 in
497 3349 671 3426 Epiro
697 3350 1038 3428 habitabat),
1066 3360 1125 3408 et
1149 3367 1249 3418 eas
1274 3369 1366 3408 res
1402 3360 1727 3428 occuparet,
1768 3348 1904 3409 huic
1944 3349 2039 3409 ille
2081 3350 2194 3427 pri-

410 3445 566 3507 mum
593 3445 787 3518 suasit,
814 3465 891 3503 ne
911 3465 973 3503 se
1000 3456 1268 3519 moveret,
1297 3457 1355 3508 et
1399 3457 1743 3523 expectaret,
1790 3445 1977 3520 quoad
2019 3445 2194 3506 Alex-
