<?xml version="1.0" encoding="UTF-8"?>
<!DOCTYPE html PUBLIC "-//W3C//DTD XHTML 1.0 Transitional//EN"
    "http://www.w3.org/TR/xhtml1/DTD/xhtml1-transitional.dtd">
<html xmlns="http://www.w3.org/1999/xhtml" xml:lang="en" lang="en">
 <head>
  <title>
</title>
<meta http-equiv="Content-Type" content="text/html;charset=utf-8" />
  <meta name='ocr-system' content='tesseract 3.04.00' />
  <meta name='ocr-capabilities' content='ocr_page ocr_carea ocr_par ocr_line ocrx_word'/>
</head>
<body>
  <div class='ocr_page' id='page_1' title='image "./devitaexcellent00haywgoog_0125.png"; bbox 0 0 2492 4207; ppageno 0'>
   <div class='ocr_carea' id='block_1_1' title="bbox 780 265 2211 322">
    <p class='ocr_par' dir='ltr' id='par_1_1' title="bbox 780 265 2211 322">
     <span class='ocr_line' id='line_1_1' title="bbox 780 265 2211 322; baseline 0.002 -3"><span class='ocrx_word' id='word_1_1' title='bbox 780 269 840 320; x_wconf 88' lang='lat' dir='ltr'><strong>T.</strong></span> <span class='ocrx_word' id='word_1_2' title='bbox 875 267 1279 322; x_wconf 85' lang='lat' dir='ltr'>POMPONIUS</span> <span class='ocrx_word' id='word_1_3' title='bbox 1313 268 1632 321; x_wconf 82' lang='lat' dir='ltr'>ATTICUS.</span> <span class='ocrx_word' id='word_1_4' title='bbox 2101 265 2211 322; x_wconf 87' lang='grc'><strong>115</strong></span> 
     </span>
    </p>
   </div>
   <div class='ocr_carea' id='block_1_2' title="bbox 286 427 2270 3559">
    <p class='ocr_par' dir='ltr' id='par_1_2' title="bbox 286 427 2270 3559">
     <span class='ocr_line' id='line_1_2' title="bbox 391 427 2094 507; baseline 0.002 -22"><span class='ocrx_word' id='word_1_5' title='bbox 391 427 495 485; x_wconf 89' lang='grc' dir='ltr'><strong>ΙΧ.</strong></span> <span class='ocrx_word' id='word_1_6' title='bbox 600 429 876 487; x_wconf 85' lang='lat' dir='ltr'><strong>Secutum</strong></span> <span class='ocrx_word' id='word_1_7' title='bbox 927 443 1015 488; x_wconf 89' lang='lat' dir='ltr'><strong>est</strong></span> <span class='ocrx_word' id='word_1_8' title='bbox 1067 431 1278 488; x_wconf 90' lang='lat' dir='ltr'><strong>bellum</strong></span> <span class='ocrx_word' id='word_1_9' title='bbox 1329 442 1553 506; x_wconf 87' lang='lat' dir='ltr'><strong>gestum</strong></span> <span class='ocrx_word' id='word_1_10' title='bbox 1599 432 1747 507; x_wconf 89' lang='lat' dir='ltr'><strong>apud</strong></span> <span class='ocrx_word' id='word_1_11' title='bbox 1790 430 2094 491; x_wconf 82' lang='lat' dir='ltr'><strong>Mutinam.</strong></span> 
     </span>
     <span class='ocr_line' id='line_1_3' title="bbox 308 522 2097 602; baseline 0.001 -18"><span class='ocrx_word' id='word_1_12' title='bbox 308 522 383 584; x_wconf 92' lang='lat' dir='ltr'><strong>In</strong></span> <span class='ocrx_word' id='word_1_13' title='bbox 409 543 519 599; x_wconf 93' lang='lat' dir='ltr'><strong>quo</strong></span> <span class='ocrx_word' id='word_1_14' title='bbox 546 523 844 583; x_wconf 73' lang='lat' dir='ltr'><strong>sitantum</strong></span> <span class='ocrx_word' id='word_1_15' title='bbox 884 544 1017 582; x_wconf 89' lang='lat' dir='ltr'><strong>eum</strong></span> <span class='ocrx_word' id='word_1_16' title='bbox 1061 526 1400 602; x_wconf 85' lang='lat' dir='ltr'><strong>prudentem</strong></span> <span class='ocrx_word' id='word_1_17' title='bbox 1446 525 1653 599; x_wconf 88' lang='lat' dir='ltr'><strong>dicam,</strong></span> <span class='ocrx_word' id='word_1_18' title='bbox 1696 526 1885 586; x_wconf 75' lang='lat' dir='ltr'><strong>minus</strong></span> <span class='ocrx_word' id='word_1_19' title='bbox 1924 526 2097 602; x_wconf 65' lang='lat' dir='ltr'><strong>quam</strong></span> 
     </span>
     <span class='ocr_line' id='line_1_4' title="bbox 306 617 2095 702; baseline 0.003 -27"><span class='ocrx_word' id='word_1_20' title='bbox 306 618 570 692; x_wconf 81' lang='lat' dir='ltr'><strong>debeam,</strong></span> <span class='ocrx_word' id='word_1_21' title='bbox 609 620 932 694; x_wconf 88' lang='lat' dir='ltr'><strong>praedicem‚</strong></span> <span class='ocrx_word' id='word_1_22' title='bbox 961 638 1134 695; x_wconf 81' lang='lat' dir='ltr'><strong>quum</strong></span> <span class='ocrx_word' id='word_1_23' title='bbox 1162 620 1257 677; x_wconf 90' lang='lat' dir='ltr'><strong>ille</strong></span> <span class='ocrx_word' id='word_1_24' title='bbox 1298 617 1489 695; x_wconf 73' lang='lat' dir='ltr'><strong>potius</strong></span> <span class='ocrx_word' id='word_1_25' title='bbox 1533 620 1756 702; x_wconf 67' lang='lat' dir='ltr'><strong>divinus</strong></span> <span class='ocrx_word' id='word_1_26' title='bbox 1802 623 2002 694; x_wconf 85' lang='lat' dir='ltr'><strong>fuerit3</strong></span> <span class='ocrx_word' id='word_1_27' title='bbox 2045 624 2095 685; x_wconf 83' lang='lat' dir='ltr'><strong>si</strong></span> 
     </span>
     <span class='ocr_line' id='line_1_5' title="bbox 304 714 2094 794; baseline 0.003 -24"><span class='ocrx_word' id='word_1_28' title='bbox 304 714 582 773; x_wconf 86' lang='lat' dir='ltr'><strong>divinatio</strong></span> <span class='ocrx_word' id='word_1_29' title='bbox 610 717 943 792; x_wconf 88' lang='lat' dir='ltr'><strong>appellanda</strong></span> <span class='ocrx_word' id='word_1_30' title='bbox 968 728 1055 773; x_wconf 88' lang='lat' dir='ltr'><strong>est</strong></span> <span class='ocrx_word' id='word_1_31' title='bbox 1080 727 1351 793; x_wconf 88' lang='lat' dir='ltr'><strong>perpetua</strong></span> <span class='ocrx_word' id='word_1_32' title='bbox 1377 715 1651 773; x_wconf 90' lang='lat' dir='ltr'><strong>naturalis</strong></span> <span class='ocrx_word' id='word_1_33' title='bbox 1686 717 1925 790; x_wconf 89' lang='lat' dir='ltr'><strong>bonitas,</strong></span> <span class='ocrx_word' id='word_1_34' title='bbox 1968 738 2094 794; x_wconf 80' lang='lat' dir='ltr'><strong>quae</strong></span> 
     </span>
     <span class='ocr_line' id='line_1_6' title="bbox 296 793 2170 887; baseline 0.004 -21"><span class='ocrx_word' id='word_1_35' title='bbox 296 809 480 876; x_wconf 25' lang='lat' dir='ltr'><strong>,nullis</strong></span> <span class='ocrx_word' id='word_1_36' title='bbox 532 811 783 886; x_wconf 32' lang='lat' dir='ltr'><strong>casibus,</strong></span> <span class='ocrx_word' id='word_1_37' title='bbox 809 831 992 886; x_wconf 90' lang='lat' dir='ltr'><strong>neque</strong></span> <span class='ocrx_word' id='word_1_38' title='bbox 1041 812 1244 887; x_wconf 89' lang='lat' dir='ltr'><strong>agitur,</strong></span> <span class='ocrx_word' id='word_1_39' title='bbox 1287 830 1472 886; x_wconf 90' lang='lat' dir='ltr'><strong>neque</strong></span> <span class='ocrx_word' id='word_1_40' title='bbox 1525 793 1814 869; x_wconf 79' lang='lat' dir='ltr'><strong>minuitur.</strong></span> <span class='ocrx_word' id='word_1_41' title='bbox 1865 813 2093 878; x_wconf 82' lang='lat' dir='ltr'><strong>&#39;Hostis</strong></span> <span class='ocrx_word' id='word_1_42' title='bbox 2129 817 2170 873; x_wconf 88' lang='lat'>5</span> 
     </span>
     <span class='ocr_line' id='line_1_7' title="bbox 303 905 2091 982; baseline 0.002 -21"><span class='ocrx_word' id='word_1_43' title='bbox 303 905 594 963; x_wconf 88' lang='lat' dir='ltr'><strong>Antonius</strong></span> <span class='ocrx_word' id='word_1_44' title='bbox 626 905 930 982; x_wconf 79' lang='lat' dir='ltr'><strong>‘judicatus</strong></span> <span class='ocrx_word' id='word_1_45' title='bbox 983 905 1153 964; x_wconf 66' lang='lat' dir='ltr'><strong>Italia</strong></span> <span class='ocrx_word' id='word_1_46' title='bbox 1220 918 1512 976; x_wconf 79' lang='lat' dir='ltr'><strong>cesserat3</strong></span> <span class='ocrx_word' id='word_1_47' title='bbox 1579 926 1708 982; x_wconf 89' lang='lat' dir='ltr'><strong>spes</strong></span> <span class='ocrx_word' id='word_1_48' title='bbox 1760 908 2091 967; x_wconf 89' lang='lat' dir='ltr'><strong>restituendi</strong></span> 
     </span>
     <span class='ocr_line' id='line_1_8' title="bbox 300 1001 2093 1077; baseline 0.002 -20"><span class='ocrx_word' id='word_1_49' title='bbox 300 1002 461 1074; x_wconf 82' lang='lat' dir='ltr'><strong>nulla</strong></span> <span class='ocrx_word' id='word_1_50' title='bbox 511 1013 684 1071; x_wconf 54' lang='lat' dir='ltr'><strong>erat„</strong></span> <span class='ocrx_word' id='word_1_51' title='bbox 730 1002 865 1060; x_wconf 89' lang='lat' dir='ltr'><strong>Non</strong></span> <span class='ocrx_word' id='word_1_52' title='bbox 919 1001 1103 1060; x_wconf 70' lang='lat' dir='ltr'><strong>solum</strong></span> <span class='ocrx_word' id='word_1_53' title='bbox 1154 1002 1278 1077; x_wconf 87' lang='lat' dir='ltr'><strong>ejus</strong></span> <span class='ocrx_word' id='word_1_54' title='bbox 1331 1001 1569 1074; x_wconf 90' lang='lat' dir='ltr'><strong>inimici,</strong></span> <span class='ocrx_word' id='word_1_55' title='bbox 1622 1001 1719 1076; x_wconf 92' lang='lat' dir='ltr'><strong>qui</strong></span> <span class='ocrx_word' id='word_1_56' title='bbox 1771 1012 1893 1059; x_wconf 91' lang='lat' dir='ltr'><strong>tum</strong></span> <span class='ocrx_word' id='word_1_57' title='bbox 1932 1015 2093 1061; x_wconf 88' lang='lat' dir='ltr'><strong>erant</strong></span> 
     </span>
     <span class='ocr_line' id='line_1_9' title="bbox 300 1096 2091 1173; baseline 0.001 -19"><span class='ocrx_word' id='word_1_58' title='bbox 300 1096 675 1171; x_wconf 87' lang='lat' dir='ltr'><strong>potentissimi</strong></span> <span class='ocrx_word' id='word_1_59' title='bbox 701 1110 760 1156; x_wconf 91' lang='lat' dir='ltr'><strong>et</strong></span> <span class='ocrx_word' id='word_1_60' title='bbox 802 1097 1050 1173; x_wconf 87' lang='lat' dir='ltr'><strong>plurimi,</strong></span> <span class='ocrx_word' id='word_1_61' title='bbox 1096 1098 1196 1154; x_wconf 89' lang='lat' dir='ltr'><strong>sed</strong></span> <span class='ocrx_word' id='word_1_62' title='bbox 1238 1097 1413 1155; x_wconf 85' lang='lat' dir='ltr'><strong>etiam</strong></span> <span class='ocrx_word' id='word_1_63' title='bbox 1452 1097 1549 1172; x_wconf 91' lang='lat' dir='ltr'><strong>qui</strong></span> <span class='ocrx_word' id='word_1_64' title='bbox 1595 1097 1928 1155; x_wconf 85' lang='lat' dir='ltr'><strong>adversariis</strong></span> <span class='ocrx_word' id='word_1_65' title='bbox 1968 1098 2091 1173; x_wconf 87' lang='lat' dir='ltr'><strong>ejus</strong></span> 
     </span>
     <span class='ocr_line' id='line_1_10' title="bbox 300 1192 2090 1267; baseline 0.002 -20"><span class='ocrx_word' id='word_1_66' title='bbox 300 1210 361 1248; x_wconf 90' lang='lat' dir='ltr'><strong>se</strong></span> <span class='ocrx_word' id='word_1_67' title='bbox 389 1192 621 1265; x_wconf 83' lang='lat' dir='ltr'><strong>dabant,</strong></span> <span class='ocrx_word' id='word_1_68' title='bbox 663 1205 722 1251; x_wconf 89' lang='lat' dir='ltr'><strong>et</strong></span> <span class='ocrx_word' id='word_1_69' title='bbox 762 1193 821 1251; x_wconf 92' lang='lat' dir='ltr'><strong>in</strong></span> <span class='ocrx_word' id='word_1_70' title='bbox 869 1212 939 1251; x_wconf 90' lang='lat' dir='ltr'><strong>eo</strong></span> <span class='ocrx_word' id='word_1_71' title='bbox 982 1193 1242 1251; x_wconf 85' lang='lat' dir='ltr'><strong>laedendo</strong></span> <span class='ocrx_word' id='word_1_72' title='bbox 1289 1212 1351 1252; x_wconf 86' lang='lat' dir='ltr'><strong>se</strong></span> <span class='ocrx_word' id='word_1_73' title='bbox 1394 1193 1637 1267; x_wconf 82' lang='lat' dir='ltr'><strong>aliquam</strong></span> <span class='ocrx_word' id='word_1_74' title='bbox 1684 1204 2090 1251; x_wconf 87' lang='lat' dir='ltr'><strong>consecuturos</strong></span> 
     </span>
     <span class='ocr_line' id='line_1_11' title="bbox 299 1283 2270 1364; baseline 0.001 -20"><span class='ocrx_word' id='word_1_75' title='bbox 299 1288 604 1362; x_wconf 83' lang='lat' dir='ltr'><strong>sperabant</strong></span> <span class='ocrx_word' id='word_1_76' title='bbox 631 1283 1204 1362; x_wconf 84' lang='lat' dir='ltr'><strong>commendationem,</strong></span> <span class='ocrx_word' id='word_1_77' title='bbox 1234 1289 1477 1347; x_wconf 89' lang='lat' dir='ltr'><strong>Antonii</strong></span> <span class='ocrx_word' id='word_1_78' title='bbox 1506 1289 1809 1347; x_wconf 84' lang='lat' dir='ltr'><strong>familiares</strong></span> <span class='ocrx_word' id='word_1_79' title='bbox 1831 1289 2089 1364; x_wconf 89' lang='lat' dir='ltr'><strong>inseque-</strong></span> <span class='ocrx_word' id='word_1_80' title='bbox 2132 1289 2203 1352; x_wconf 82' lang='lat'><strong>10</strong></span> <span class='ocrx_word' id='word_1_81' title='bbox 2265 1314 2270 1321; x_wconf 92' lang='lat'><strong>·</strong></span> 
     </span>
     <span class='ocr_line' id='line_1_12' title="bbox 298 1383 2089 1460; baseline 0.001 -20"><span class='ocrx_word' id='word_1_82' title='bbox 298 1383 524 1457; x_wconf 87' lang='lat' dir='ltr'><strong>bantur,</strong></span> <span class='ocrx_word' id='word_1_83' title='bbox 554 1403 788 1443; x_wconf 90' lang='lat' dir='ltr'><strong>uxorem</strong></span> <span class='ocrx_word' id='word_1_84' title='bbox 817 1383 1076 1442; x_wconf 87' lang='lat' dir='ltr'><strong>Fulviam</strong></span> <span class='ocrx_word' id='word_1_85' title='bbox 1102 1384 1368 1443; x_wconf 87' lang='lat' dir='ltr'><strong>omnibus</strong></span> <span class='ocrx_word' id='word_1_86' title='bbox 1394 1385 1565 1442; x_wconf 84' lang='lat' dir='ltr'><strong>rebus</strong></span> <span class='ocrx_word' id='word_1_87' title='bbox 1611 1384 1852 1460; x_wconf 89' lang='lat' dir='ltr'><strong>spoliare</strong></span> <span class='ocrx_word' id='word_1_88' title='bbox 1899 1384 2089 1460; x_wconf 89' lang='lat' dir='ltr'><strong>cupie-</strong></span> 
     </span>
     <span class='ocr_line' id='line_1_13' title="bbox 297 1479 2087 1557; baseline 0.001 -21"><span class='ocrx_word' id='word_1_89' title='bbox 297 1479 478 1549; x_wconf 89' lang='lat' dir='ltr'><strong>bant;</strong></span> <span class='ocrx_word' id='word_1_90' title='bbox 547 1480 757 1552; x_wconf 87' lang='lat' dir='ltr'><strong>liberos</strong></span> <span class='ocrx_word' id='word_1_91' title='bbox 827 1480 997 1538; x_wconf 90' lang='lat' dir='ltr'><strong>etiam</strong></span> <span class='ocrx_word' id='word_1_92' title='bbox 1069 1481 1404 1557; x_wconf 86' lang='lat' dir='ltr'><strong>extinguere</strong></span> <span class='ocrx_word' id='word_1_93' title='bbox 1456 1481 1748 1557; x_wconf 89' lang='lat' dir='ltr'><strong>parabant.</strong></span> <span class='ocrx_word' id='word_1_94' title='bbox 1855 1480 2087 1539; x_wconf 85' lang='lat' dir='ltr'><strong>Atticus</strong></span> 
     </span>
     <span class='ocr_line' id='line_1_14' title="bbox 294 1565 2087 1649; baseline 0.001 -19"><span class='ocrx_word' id='word_1_95' title='bbox 294 1593 470 1649; x_wconf 91' lang='lat' dir='ltr'><strong>quum</strong></span> <span class='ocrx_word' id='word_1_96' title='bbox 499 1574 796 1633; x_wconf 77' lang='lat' dir='ltr'><strong>Ciceronis</strong></span> <span class='ocrx_word' id='word_1_97' title='bbox 823 1565 1024 1634; x_wconf 65' lang='lat' dir='ltr'><strong>intima</strong></span> <span class='ocrx_word' id='word_1_98' title='bbox 1069 1576 1453 1633; x_wconf 83' lang='lat' dir='ltr'><strong>familiaritate</strong></span> <span class='ocrx_word' id='word_1_99' title='bbox 1501 1586 1771 1647; x_wconf 89' lang='lat' dir='ltr'><strong>uteretur,</strong></span> <span class='ocrx_word' id='word_1_100' title='bbox 1816 1576 2087 1633; x_wconf 89' lang='lat' dir='ltr'><strong>amicissi-</strong></span> 
     </span>
     <span class='ocr_line' id='line_1_15' title="bbox 294 1668 2087 1742; baseline 0.001 -16"><span class='ocrx_word' id='word_1_101' title='bbox 294 1679 422 1727; x_wconf 84' lang='lat' dir='ltr'><strong>mus</strong></span> <span class='ocrx_word' id='word_1_102' title='bbox 454 1682 605 1728; x_wconf 89' lang='lat' dir='ltr'><strong>esset</strong></span> <span class='ocrx_word' id='word_1_103' title='bbox 632 1671 835 1742; x_wconf 83' lang='lat' dir='ltr'><strong>Brut03</strong></span> <span class='ocrx_word' id='word_1_104' title='bbox 877 1691 994 1729; x_wconf 89' lang='lat' dir='ltr'><strong>non</strong></span> <span class='ocrx_word' id='word_1_105' title='bbox 1021 1668 1192 1728; x_wconf 74' lang='lat' dir='ltr'><strong>modo</strong></span> <span class='ocrx_word' id='word_1_106' title='bbox 1221 1670 1363 1726; x_wconf 89' lang='lat' dir='ltr'><strong>nihil</strong></span> <span class='ocrx_word' id='word_1_107' title='bbox 1413 1669 1484 1726; x_wconf 89' lang='lat' dir='ltr'><strong>iis</strong></span> <span class='ocrx_word' id='word_1_108' title='bbox 1516 1669 1750 1728; x_wconf 83' lang='lat' dir='ltr'><strong>indulsit</strong></span> <span class='ocrx_word' id='word_1_109' title='bbox 1793 1670 1863 1727; x_wconf 88' lang='lat' dir='ltr'><strong>ad</strong></span> <span class='ocrx_word' id='word_1_110' title='bbox 1907 1670 2087 1728; x_wconf 91' lang='lat' dir='ltr'><strong>Anto-</strong></span> 
     </span>
     <span class='ocr_line' id='line_1_16' title="bbox 292 1763 2200 1840; baseline 0.001 -20"><span class='ocrx_word' id='word_1_111' title='bbox 292 1764 451 1822; x_wconf 90' lang='lat' dir='ltr'><strong>nium</strong></span> <span class='ocrx_word' id='word_1_112' title='bbox 506 1765 852 1837; x_wconf 88' lang='lat' dir='ltr'><strong>violandum,</strong></span> <span class='ocrx_word' id='word_1_113' title='bbox 907 1765 1009 1822; x_wconf 88' lang='lat' dir='ltr'><strong>sed</strong></span> <span class='ocrx_word' id='word_1_114' title='bbox 1062 1783 1096 1821; x_wconf 92' lang='lat' dir='ltr'><strong>e</strong></span> <span class='ocrx_word' id='word_1_115' title='bbox 1149 1763 1434 1822; x_wconf 90' lang='lat' dir='ltr'><strong>contrario</strong></span> <span class='ocrx_word' id='word_1_116' title='bbox 1486 1764 1789 1823; x_wconf 86' lang='lat' dir='ltr'><strong>familiares</strong></span> <span class='ocrx_word' id='word_1_117' title='bbox 1841 1765 1964 1840; x_wconf 89' lang='lat' dir='ltr'><strong>ejus</strong></span> <span class='ocrx_word' id='word_1_118' title='bbox 2015 1784 2085 1822; x_wconf 86' lang='lat' dir='ltr'><strong>ex</strong></span> <span class='ocrx_word' id='word_1_119' title='bbox 2128 1766 2200 1822; x_wconf 87' lang='lat'><strong>15</strong></span> 
     </span>
     <span class='ocr_line' id='line_1_17' title="bbox 290 1857 2087 1938; baseline 0 -21"><span class='ocrx_word' id='word_1_120' title='bbox 290 1860 432 1917; x_wconf 91' lang='lat' dir='ltr'><strong>urbe</strong></span> <span class='ocrx_word' id='word_1_121' title='bbox 460 1860 868 1936; x_wconf 77' lang='lat' dir='ltr'><strong>profugienteS,</strong></span> <span class='ocrx_word' id='word_1_122' title='bbox 895 1857 1171 1934; x_wconf 72' lang='lat' dir='ltr'><strong>quantum</strong></span> <span class='ocrx_word' id='word_1_123' title='bbox 1218 1860 1420 1935; x_wconf 91' lang='lat' dir='ltr'><strong>potuit,</strong></span> <span class='ocrx_word' id='word_1_124' title='bbox 1459 1860 1637 1918; x_wconf 84' lang='lat' dir='ltr'><strong>texit:</strong></span> <span class='ocrx_word' id='word_1_125' title='bbox 1676 1861 1880 1938; x_wconf 90' lang='lat' dir='ltr'><strong>quibus</strong></span> <span class='ocrx_word' id='word_1_126' title='bbox 1917 1860 2087 1918; x_wconf 81' lang='lat' dir='ltr'><strong>rebus</strong></span> 
     </span>
     <span class='ocr_line' id='line_1_18' title="bbox 290 1953 2086 2030; baseline 0.001 -19"><span class='ocrx_word' id='word_1_127' title='bbox 290 1954 681 2029; x_wconf 86' lang='lat' dir='ltr'><strong>indiguerunt,</strong></span> <span class='ocrx_word' id='word_1_128' title='bbox 731 1954 892 2030; x_wconf 89' lang='lat' dir='ltr'><strong>juvit.</strong></span> <span class='ocrx_word' id='word_1_129' title='bbox 995 1954 1058 2012; x_wconf 89' lang='lat' dir='ltr'><strong>P.</strong></span> <span class='ocrx_word' id='word_1_130' title='bbox 1101 1953 1234 2012; x_wconf 75' lang='lat' dir='ltr'><strong>vero</strong></span> <span class='ocrx_word' id='word_1_131' title='bbox 1278 1954 1588 2013; x_wconf 89' lang='lat' dir='ltr'><strong>Volumnio</strong></span> <span class='ocrx_word' id='word_1_132' title='bbox 1629 1973 1703 2015; x_wconf 85' lang='lat' dir='ltr'><strong>ea</strong></span> <span class='ocrx_word' id='word_1_133' title='bbox 1753 1954 1969 2027; x_wconf 87' lang='lat' dir='ltr'><strong>tribuit,</strong></span> <span class='ocrx_word' id='word_1_134' title='bbox 2015 1967 2086 2013; x_wconf 92' lang='lat' dir='ltr'><strong>.ut</strong></span> 
     </span>
     <span class='ocr_line' id='line_1_19' title="bbox 289 2044 2082 2128; baseline 0.001 -22"><span class='ocrx_word' id='word_1_135' title='bbox 289 2050 456 2127; x_wconf 87' lang='lat' dir='ltr'><strong>plura</strong></span> <span class='ocrx_word' id='word_1_136' title='bbox 495 2068 529 2107; x_wconf 86' lang='lat' dir='ltr'><strong>a</strong></span> <span class='ocrx_word' id='word_1_137' title='bbox 578 2044 812 2127; x_wconf 86' lang='lat' dir='ltr'><strong>parente</strong></span> <span class='ocrx_word' id='word_1_138' title='bbox 864 2049 1148 2127; x_wconf 90' lang='lat' dir='ltr'><strong>proficisci</strong></span> <span class='ocrx_word' id='word_1_139' title='bbox 1199 2068 1315 2110; x_wconf 90' lang='lat' dir='ltr'><strong>non</strong></span> <span class='ocrx_word' id='word_1_140' title='bbox 1357 2050 1658 2127; x_wconf 88' lang='lat' dir='ltr'><strong>potuerint.</strong></span> <span class='ocrx_word' id='word_1_141' title='bbox 1741 2049 1859 2128; x_wconf 90' lang='lat' dir='ltr'><strong>Ipsi</strong></span> <span class='ocrx_word' id='word_1_142' title='bbox 1894 2061 2082 2109; x_wconf 87' lang='lat' dir='ltr'><strong>autem</strong></span> 
     </span>
     <span class='ocr_line' id='line_1_20' title="bbox 290 2144 2079 2223; baseline 0.002 -21"><span class='ocrx_word' id='word_1_143' title='bbox 290 2144 527 2220; x_wconf 83' lang='lat' dir='ltr'><strong>Fulviae,</strong></span> <span class='ocrx_word' id='word_1_144' title='bbox 557 2165 732 2222; x_wconf 88' lang='lat' dir='ltr'><strong>quum</strong></span> <span class='ocrx_word' id='word_1_145' title='bbox 757 2145 953 2204; x_wconf 88' lang='lat' dir='ltr'><strong>litibus</strong></span> <span class='ocrx_word' id='word_1_146' title='bbox 978 2147 1365 2220; x_wconf 87' lang='lat' dir='ltr'><strong>distineretur,</strong></span> <span class='ocrx_word' id='word_1_147' title='bbox 1394 2147 1729 2223; x_wconf 86' lang='lat' dir='ltr'><strong>magnisque</strong></span> <span class='ocrx_word' id='word_1_148' title='bbox 1772 2147 2079 2206; x_wconf 89' lang='lat' dir='ltr'><strong>terroribus</strong></span> 
     </span>
     <span class='ocr_line' id='line_1_21' title="bbox 289 2241 2193 2325; baseline 0.001 -26"><span class='ocrx_word' id='word_1_149' title='bbox 289 2254 604 2315; x_wconf 87' lang='lat' dir='ltr'><strong>vexaretur,</strong></span> <span class='ocrx_word' id='word_1_150' title='bbox 646 2243 806 2301; x_wconf 64' lang='lat' dir='ltr'><strong>tanta</strong></span> <span class='ocrx_word' id='word_1_151' title='bbox 853 2241 1152 2319; x_wconf 68' lang='lat' dir='ltr'><strong>diligentia</strong></span> <span class='ocrx_word' id='word_1_152' title='bbox 1192 2243 1445 2301; x_wconf 90' lang='lat' dir='ltr'><strong>officium</strong></span> <span class='ocrx_word' id='word_1_153' title='bbox 1487 2261 1653 2300; x_wconf 87' lang='lat' dir='ltr'><strong>suum</strong></span> <span class='ocrx_word' id='word_1_154' title='bbox 1698 2243 1973 2325; x_wconf 70' lang='lat' dir='ltr'><strong>praestitit,</strong></span> <span class='ocrx_word' id='word_1_155' title='bbox 2018 2256 2081 2302; x_wconf 92' lang='lat' dir='ltr'><strong>ut</strong></span> <span class='ocrx_word' id='word_1_156' title='bbox 2116 2244 2193 2301; x_wconf 75' lang='lat'><strong>20</strong></span> 
     </span>
     <span class='ocr_line' id='line_1_22' title="bbox 287 2326 2077 2417; baseline 0.001 -21"><span class='ocrx_word' id='word_1_157' title='bbox 287 2339 505 2396; x_wconf 90' lang='lat' dir='ltr'><strong>nullum</strong></span> <span class='ocrx_word' id='word_1_158' title='bbox 534 2326 631 2396; x_wconf 89' lang='lat' dir='ltr'><strong>illa</strong></span> <span class='ocrx_word' id='word_1_159' title='bbox 657 2338 864 2397; x_wconf 89' lang='lat' dir='ltr'><strong>stiterit</strong></span> <span class='ocrx_word' id='word_1_160' title='bbox 891 2339 1275 2397; x_wconf 87' lang='lat' dir='ltr'><strong>vadimonium</strong></span> <span class='ocrx_word' id='word_1_161' title='bbox 1304 2338 1429 2396; x_wconf 89' lang='lat' dir='ltr'><strong>sine</strong></span> <span class='ocrx_word' id='word_1_162' title='bbox 1457 2328 1673 2412; x_wconf 79' lang='lat' dir='ltr'><strong>Attice,</strong></span> <span class='ocrx_word' id='word_1_163' title='bbox 1703 2341 1797 2396; x_wconf 93' lang='lat' dir='ltr'><strong>hic</strong></span> <span class='ocrx_word' id='word_1_164' title='bbox 1844 2358 2077 2417; x_wconf 90' lang='lat' dir='ltr'><strong>sponsor</strong></span> 
     </span>
     <span class='ocr_line' id='line_1_23' title="bbox 287 2428 2077 2517; baseline -0.002 -24"><span class='ocrx_word' id='word_1_165' title='bbox 287 2428 543 2493; x_wconf 82' lang='lat' dir='ltr'><strong>omnium</strong></span> <span class='ocrx_word' id='word_1_166' title='bbox 563 2450 752 2491; x_wconf 88' lang='lat' dir='ltr'><strong>rerum·</strong></span> <span class='ocrx_word' id='word_1_167' title='bbox 780 2433 965 2490; x_wconf 90' lang='lat' dir='ltr'><strong>fuerit.</strong></span> <span class='ocrx_word' id='word_1_168' title='bbox 1045 2432 1211 2494; x_wconf 78' lang='lat' dir='ltr'><strong>Quin</strong></span> <span class='ocrx_word' id='word_1_169' title='bbox 1239 2432 1432 2506; x_wconf 89' lang='lat' dir='ltr'><strong>etiam,</strong></span> <span class='ocrx_word' id='word_1_170' title='bbox 1476 2451 1650 2517; x_wconf 83' lang='lat' dir='ltr'><strong>quum</strong></span> <span class='ocrx_word' id='word_1_171' title='bbox 1696 2433 1793 2489; x_wconf 91' lang='lat' dir='ltr'><strong>illa</strong></span> <span class='ocrx_word' id='word_1_172' title='bbox 1839 2434 2077 2490; x_wconf 78' lang='lat' dir='ltr'><strong>fimdum</strong></span> 
     </span>
     <span class='ocr_line' id='line_1_24' title="bbox 289 2527 2078 2603; baseline -0.001 -16"><span class='ocrx_word' id='word_1_173' title='bbox 289 2528 545 2587; x_wconf 68' lang='lat' dir='ltr'><strong>secunda</strong></span> <span class='ocrx_word' id='word_1_174' title='bbox 573 2528 798 2586; x_wconf 68' lang='lat' dir='ltr'><strong>fortuna</strong></span> <span class='ocrx_word' id='word_1_175' title='bbox 825 2528 1059 2586; x_wconf 87' lang='lat' dir='ltr'><strong>emisset</strong></span> <span class='ocrx_word' id='word_1_176' title='bbox 1083 2527 1141 2585; x_wconf 92' lang='lat' dir='ltr'><strong>in</strong></span> <span class='ocrx_word' id='word_1_177' title='bbox 1180 2528 1353 2601; x_wconf 89' lang='lat' dir='ltr'><strong>diem,</strong></span> <span class='ocrx_word' id='word_1_178' title='bbox 1397 2546 1581 2603; x_wconf 82' lang='lat' dir='ltr'><strong>neque</strong></span> <span class='ocrx_word' id='word_1_179' title='bbox 1625 2539 1754 2603; x_wconf 88' lang='lat' dir='ltr'><strong>post</strong></span> <span class='ocrx_word' id='word_1_180' title='bbox 1794 2527 2078 2586; x_wconf 71' lang='lat' dir='ltr'><strong>calamita-</strong></span> 
     </span>
     <span class='ocr_line' id='line_1_25' title="bbox 289 2622 2077 2700; baseline -0.002 -17"><span class='ocrx_word' id='word_1_181' title='bbox 289 2637 406 2683; x_wconf 90' lang='lat' dir='ltr'><strong>tem</strong></span> <span class='ocrx_word' id='word_1_182' title='bbox 426 2643 713 2683; x_wconf 84' lang='lat' dir='ltr'><strong>versuram</strong></span> <span class='ocrx_word' id='word_1_183' title='bbox 743 2625 931 2681; x_wconf 85' lang='lat' dir='ltr'><strong>facere</strong></span> <span class='ocrx_word' id='word_1_184' title='bbox 957 2623 1252 2700; x_wconf 87' lang='lat' dir='ltr'><strong>potuisset,</strong></span> <span class='ocrx_word' id='word_1_185' title='bbox 1282 2623 1376 2681; x_wconf 93' lang='lat' dir='ltr'><strong>ille</strong></span> <span class='ocrx_word' id='word_1_186' title='bbox 1404 2643 1466 2681; x_wconf 92' lang='lat' dir='ltr'><strong>se</strong></span> <span class='ocrx_word' id='word_1_187' title='bbox 1509 2622 1861 2699; x_wconf 87' lang='lat' dir='ltr'><strong>interposuit,</strong></span> <span class='ocrx_word' id='word_1_188' title='bbox 1907 2640 2077 2698; x_wconf 89' lang='lat' dir='ltr'><strong>pecu-</strong></span> 
     </span>
     <span class='ocr_line' id='line_1_26' title="bbox 289 2718 2189 2794; baseline 0 -18"><span class='ocrx_word' id='word_1_189' title='bbox 289 2718 553 2794; x_wconf 88' lang='lat' dir='ltr'><strong>niamque</strong></span> <span class='ocrx_word' id='word_1_190' title='bbox 581 2718 704 2777; x_wconf 85' lang='lat' dir='ltr'><strong>sine</strong></span> <span class='ocrx_word' id='word_1_191' title='bbox 732 2720 965 2791; x_wconf 88' lang='lat' dir='ltr'><strong>foenore,</strong></span> <span class='ocrx_word' id='word_1_192' title='bbox 1014 2718 1249 2793; x_wconf 88' lang='lat' dir='ltr'><strong>sineque</strong></span> <span class='ocrx_word' id='word_1_193' title='bbox 1302 2718 1417 2776; x_wconf 66' lang='lat' dir='ltr'><strong>ulla</strong></span> <span class='ocrx_word' id='word_1_194' title='bbox 1464 2718 1823 2794; x_wconf 87' lang='lat' dir='ltr'><strong>stipulatione</strong></span> <span class='ocrx_word' id='word_1_195' title='bbox 1850 2718 1915 2785; x_wconf 83' lang='lat' dir='ltr'><strong>ei</strong></span> <span class='ocrx_word' id='word_1_196' title='bbox 1957 2736 2076 2776; x_wconf 86' lang='lat' dir='ltr'><strong>cre·</strong></span> <span class='ocrx_word' id='word_1_197' title='bbox 2111 2719 2189 2776; x_wconf 81' lang='lat'><strong>25</strong></span> 
     </span>
     <span class='ocr_line' id='line_1_27' title="bbox 290 2802 2077 2889; baseline 0 -19"><span class='ocrx_word' id='word_1_198' title='bbox 290 2812 470 2873; x_wconf 88' lang='lat' dir='ltr'><strong>didit:</strong></span> <span class='ocrx_word' id='word_1_199' title='bbox 512 2815 818 2871; x_wconf 85' lang='lat' dir='ltr'><strong>maximum</strong></span> <span class='ocrx_word' id='word_1_200' title='bbox 874 2814 1205 2872; x_wconf 86' lang='lat' dir='ltr'><strong>existimans</strong></span> <span class='ocrx_word' id='word_1_201' title='bbox 1257 2802 1551 2889; x_wconf 84' lang='lat' dir='ltr'><strong>quaestum‚</strong></span> <span class='ocrx_word' id='word_1_202' title='bbox 1601 2815 1906 2873; x_wconf 85' lang='lat' dir='ltr'><strong>memorem</strong></span> <span class='ocrx_word' id='word_1_203' title='bbox 1953 2832 2077 2889; x_wconf 87' lang='lat' dir='ltr'><strong>gra-</strong></span> 
     </span>
     <span class='ocr_line' id='line_1_28' title="bbox 288 2909 2071 2986; baseline -0.002 -17"><span class='ocrx_word' id='word_1_204' title='bbox 288 2921 521 2985; x_wconf 86' lang='lat' dir='ltr'><strong>tumque</strong></span> <span class='ocrx_word' id='word_1_205' title='bbox 573 2910 859 2986; x_wconf 83' lang='lat' dir='ltr'><strong>cognosci,</strong></span> <span class='ocrx_word' id='word_1_206' title='bbox 907 2909 1192 2984; x_wconf 67' lang='lat' dir='ltr'><strong>‘simulque</strong></span> <span class='ocrx_word' id='word_1_207' title='bbox 1249 2909 1485 2986; x_wconf 90' lang='lat' dir='ltr'><strong>aperire,</strong></span> <span class='ocrx_word' id='word_1_208' title='bbox 1542 2929 1602 2966; x_wconf 90' lang='lat' dir='ltr'><strong>se</strong></span> <span class='ocrx_word' id='word_1_209' title='bbox 1648 2928 1764 2966; x_wconf 92' lang='lat' dir='ltr'><strong>non</strong></span> <span class='ocrx_word' id='word_1_210' title='bbox 1820 2909 2071 2979; x_wconf 68' lang='lat' dir='ltr'><strong>fortunae,</strong></span> 
     </span>
     <span class='ocr_line' id='line_1_29' title="bbox 289 3005 2071 3079; baseline -0.002 -15"><span class='ocrx_word' id='word_1_211' title='bbox 289 3007 387 3064; x_wconf 85' lang='lat' dir='ltr'><strong>sed</strong></span> <span class='ocrx_word' id='word_1_212' title='bbox 461 3005 803 3078; x_wconf 80' lang='lat' dir='ltr'><strong>hominibuS,</strong></span> <span class='ocrx_word' id='word_1_213' title='bbox 870 3007 1049 3064; x_wconf 89' lang='lat' dir='ltr'><strong>solere</strong></span> <span class='ocrx_word' id='word_1_214' title='bbox 1118 3025 1244 3063; x_wconf 89' lang='lat' dir='ltr'><strong>esse</strong></span> <span class='ocrx_word' id='word_1_215' title='bbox 1315 3005 1578 3063; x_wconf 86' lang='lat' dir='ltr'><strong>amicum.</strong></span> <span class='ocrx_word' id='word_1_216' title='bbox 1684 3005 1835 3071; x_wconf 80' lang='lat' dir='ltr'><strong>Quae</strong></span> <span class='ocrx_word' id='word_1_217' title='bbox 1901 3023 2071 3079; x_wconf 89' lang='lat' dir='ltr'><strong>quum</strong></span> 
     </span>
     <span class='ocr_line' id='line_1_30' title="bbox 288 3086 2072 3181; baseline -0.001 -22"><span class='ocrx_word' id='word_1_218' title='bbox 288 3101 552 3181; x_wconf 85' lang='lat' dir='ltr'><strong>faciebat,</strong></span> <span class='ocrx_word' id='word_1_219' title='bbox 609 3120 796 3172; x_wconf 89' lang='lat' dir='ltr'><strong>nem0,</strong></span> <span class='ocrx_word' id='word_1_220' title='bbox 849 3120 978 3158; x_wconf 90' lang='lat' dir='ltr'><strong>eum</strong></span> <span class='ocrx_word' id='word_1_221' title='bbox 1024 3100 1322 3176; x_wconf 32' lang='lat' dir='ltr'><strong>temporis,</strong></span> <span class='ocrx_word' id='word_1_222' title='bbox 1355 3102 1530 3159; x_wconf 64' lang='lat' dir='ltr'><strong>causa</strong></span> <span class='ocrx_word' id='word_1_223' title='bbox 1585 3086 1792 3174; x_wconf 78' lang='lat' dir='ltr'><strong>facere,</strong></span> <span class='ocrx_word' id='word_1_224' title='bbox 1855 3111 2072 3176; x_wconf 85' lang='lat' dir='ltr'><strong>poterat</strong></span> 
     </span>
     <span class='ocr_line' id='line_1_31' title="bbox 287 3190 2184 3273; baseline -0.001 -19"><span class='ocrx_word' id='word_1_225' title='bbox 287 3197 627 3255; x_wconf 86' lang='lat' dir='ltr'><strong>existimare.</strong></span> <span class='ocrx_word' id='word_1_226' title='bbox 711 3190 948 3253; x_wconf 89' lang='lat' dir='ltr'><strong>Nemini</strong></span> <span class='ocrx_word' id='word_1_227' title='bbox 974 3196 1127 3254; x_wconf 90' lang='lat' dir='ltr'><strong>enim</strong></span> <span class='ocrx_word' id='word_1_228' title='bbox 1172 3197 1231 3254; x_wconf 89' lang='lat' dir='ltr'><strong>in</strong></span> <span class='ocrx_word' id='word_1_229' title='bbox 1260 3197 1586 3273; x_wconf 90' lang='lat' dir='ltr'><strong>opinionem</strong></span> <span class='ocrx_word' id='word_1_230' title='bbox 1628 3196 1907 3270; x_wconf 87' lang='lat' dir='ltr'><strong>veniebat,</strong></span> <span class='ocrx_word' id='word_1_231' title='bbox 1949 3199 2069 3255; x_wconf 90' lang='lat' dir='ltr'><strong>An·</strong></span> <span class='ocrx_word' id='word_1_232' title='bbox 2106 3196 2184 3253; x_wconf 84' lang='lat'><strong>30</strong></span> 
     </span>
     <span class='ocr_line' id='line_1_32' title="bbox 286 3278 2166 3367; baseline -0.001 -17"><span class='ocrx_word' id='word_1_233' title='bbox 286 3293 504 3352; x_wconf 88' lang='lat' dir='ltr'><strong>tonium</strong></span> <span class='ocrx_word' id='word_1_234' title='bbox 551 3311 738 3350; x_wconf 89' lang='lat' dir='ltr'><strong>rerum</strong></span> <span class='ocrx_word' id='word_1_235' title='bbox 784 3291 1107 3367; x_wconf 87' lang='lat' dir='ltr'><strong>potiturum.</strong></span> <span class='ocrx_word' id='word_1_236' title='bbox 1193 3278 1307 3349; x_wconf 88' lang='lat' dir='ltr'><strong>Sed</strong></span> <span class='ocrx_word' id='word_1_237' title='bbox 1362 3292 1572 3350; x_wconf 88' lang='lat' dir='ltr'><strong>sensim</strong></span> <span class='ocrx_word' id='word_1_238' title='bbox 1620 3288 1672 3348; x_wconf 35' lang='lat' dir='ltr'><strong>is*</strong></span> <span class='ocrx_word' id='word_1_239' title='bbox 1714 3311 1750 3349; x_wconf 88' lang='lat' dir='ltr'><strong>a</strong></span> <span class='ocrx_word' id='word_1_240' title='bbox 1781 3292 2066 3355; x_wconf 86' lang='lat' dir='ltr'><strong>nonnullis</strong></span> <span class='ocrx_word' id='word_1_241' title='bbox 2163 3284 2166 3287; x_wconf 41' lang='lat'>¹</span> 
     </span>
     <span class='ocr_line' id='line_1_33' title="bbox 287 3379 2066 3464; baseline -0.003 -17"><span class='ocrx_word' id='word_1_242' title='bbox 287 3388 648 3464; x_wconf 87' lang='lat' dir='ltr'><strong>optimatibus</strong></span> <span class='ocrx_word' id='word_1_243' title='bbox 674 3380 1210 3464; x_wconf 82' lang='lat' dir='ltr'><strong>reprehendebatur,</strong></span> <span class='ocrx_word' id='word_1_244' title='bbox 1238 3379 1395 3461; x_wconf 73' lang='lat' dir='ltr'><strong>quod</strong></span> <span class='ocrx_word' id='word_1_245' title='bbox 1411 3384 1614 3464; x_wconf 62' lang='lat' dir='ltr'><strong>parum</strong></span> <span class='ocrx_word' id='word_1_246' title='bbox 1658 3386 1843 3445; x_wconf 90' lang='lat' dir='ltr'><strong>odisse</strong></span> <span class='ocrx_word' id='word_1_247' title='bbox 1891 3388 2066 3445; x_wconf 89' lang='lat' dir='ltr'><strong>malos</strong></span> 
     </span>
     <span class='ocr_line' id='line_1_34' title="bbox 290 3481 2064 3559; baseline -0.002 -19"><span class='ocrx_word' id='word_1_248' title='bbox 290 3483 438 3542; x_wconf 88' lang='lat' dir='ltr'><strong>cives</strong></span> <span class='ocrx_word' id='word_1_249' title='bbox 464 3483 762 3543; x_wconf 86' lang='lat' dir='ltr'><strong>videretur.</strong></span> <span class='ocrx_word' id='word_1_250' title='bbox 846 3482 957 3540; x_wconf 91' lang='lat' dir='ltr'><strong>Ille</strong></span> <span class='ocrx_word' id='word_1_251' title='bbox 981 3495 1167 3541; x_wconf 87' lang='lat' dir='ltr'><strong>autem</strong></span> <span class='ocrx_word' id='word_1_252' title='bbox 1209 3482 1297 3540; x_wconf 88' lang='lat' dir='ltr'><strong>sui</strong></span> <span class='ocrx_word' id='word_1_253' title='bbox 1334 3481 1538 3558; x_wconf 87' lang='lat' dir='ltr'><strong>judi&#39;cii</strong></span> <span class='ocrx_word' id='word_1_254' title='bbox 1581 3481 1788 3559; x_wconf 54' lang='lat' dir='ltr'><strong>potius»,</strong></span> <span class='ocrx_word' id='word_1_255' title='bbox 1829 3482 1963 3558; x_wconf 92' lang='lat' dir='ltr'><strong>quid</strong></span> <span class='ocrx_word' id='word_1_256' title='bbox 2004 3498 2064 3537; x_wconf 86' lang='lat' dir='ltr'><strong>se</strong></span> 
     </span>
    </p>
   </div>
  </div>
 </body>
</html>
