2492 4207
383 231 458 289 12
1111 239 1685 293 THEMISTOCLES.

493 401 702 459 hostes.
786 400 1029 469 Interim
1059 402 1131 459 ab
1157 403 1383 476 eodem,
1411 404 1598 481 gradu
1639 403 1913 481 depulsus
1953 416 2059 462 est.
2148 404 2310 464 Nam

492 494 920 581 Themistocles
949 516 1174 572 verens,
1202 514 1278 556 ne
1311 499 1525 557 bellare
1554 510 1964 576 perseveraret,
1994 500 2310 560 certiorem

493 611 626 650 eum
675 588 833 667 fe'cit,
877 593 935 651 id
981 590 1096 671 agi,
1133 606 1200 653 ut
1241 614 1409 671 pons,
1450 614 1622 677 quem
1671 595 1766 652 ille
1815 594 1876 653 in
1918 594 2311 674 Hellesponto

493 688 728 762 fecerat,
757 690 1182 763 dissolveretur,
1211 703 1285 748 ac
1317 690 1505 748 reditu
1535 690 1596 748 in
1626 690 1830 748 Asiam
1856 692 2304 762 excluderetur;

411 785 451 841 5
492 783 663 860 idque
692 785 748 843 ei
773 786 1076 863 persuasit.
1160 785 1366 862 Itaque
1394 787 1509 862 qua
1547 805 1650 844 sex
1689 786 1986 845 mensibus
2016 786 2125 846 iter
2152 789 2307 847 fece-

491 891 600 953 rat,
628 881 833 938 eadem
861 881 1055 940 minus
1075 882 1289 940 ¹diebus
1315 882 1556 959 triginta
1583 881 1644 940 in
1668 882 1872 940 Asiam
1900 902 2168 942 reversus
2191 896 2303 957 est,

491 996 665 1052 seque
700 997 734 1035 a
774 977 1174 1037 Themistocle
1214 998 1332 1037 non
1375 990 1705 1055 superatum
1749 979 1851 1036 sed
1893 991 2303 1039 conservatum

484 1073 781 1150 judicavit.
866 1074 967 1133 Sic
997 1075 1170 1133 unius
1197 1074 1304 1133 viri
1331 1074 1640 1151 prudentia
1667 1074 1896 1132 Graecia
1920 1073 2168 1132 liberata
2188 1087 2302 1154 est,

490 1168 1187 1245 Europaeque-succubuit
1228 1169 1391 1228 Asia.
1478 1169 1625 1229 Haec
1666 1171 1846 1229 altera
1882 1169 2143 1243 victoria,
2171 1190 2303 1246 quae

375 1263 449 1322 10
489 1283 624 1323 cum
666 1263 1035 1325 Marathonio
1073 1266 1255 1343 possit
1296 1266 1617 1342 comparari
1661 1277 1890 1342 tropaeo.
1972 1265 2133 1324 Nam
2174 1267 2302 1344 pari

489 1360 659 1420 modo
715 1363 868 1438 apud
912 1362 1212 1429 Salamina
1255 1380 1432 1439 parvo
1485 1380 1728 1421 numero
1767 1361 1998 1420 navium
2040 1361 2300 1420 maxima

487 1469 617 1533 post
644 1459 944 1517 hominum
973 1459 1308 1519 memoriam
1336 1457 1537 1516 classis
1564 1469 1653 1516 est
1678 1458 1924 1517 devicta.

567 1554 674 1629 VI,
759 1554 1015 1632 Magnus
1043 1556 1154 1613 hoc
1181 1554 1333 1613 bello
1360 1553 1791 1613 Themistocles
1819 1555 1946 1628 fuit,
1975 1573 2089 1612 nec
2109 1553 2296 1612 minor

487 1649 547 1707 in
589 1669 752 1728 pace.
836 1651 1040 1714 Quum
1080 1650 1256 1722 enim·
1280 1634 1587 1708 Phalerico
1625 1661 1816 1727 portu,
1854 1660 2042 1724 neque
2085 1668 2300 1726 magno

371 1744 447 1803 15
485 1765 674 1823 neque
729 1749 900 1822 bono,
957 1747 1353 1807 Athenienses
1405 1757 1748 1817 uterentu13
1819 1747 1990 1823 hujus
2053 1745 2301 1805 consilio

437 1890 444 1895 .
483 1843 691 1921 triplex
718 1845 888 1905 Piraei
927 1856 1125 1923 portus
1152 1843 1504 1903 constitutus
1544 1855 1654 1918 est,
1681 1843 1844 1920 isque
1870 1842 2158 1902 moenibus
2184 1841 2297 1901 cir-

483 1942 810 2014 cumdatus,
839 1954 904 2000 ut
931 1942 1114 2018 ipsam
1156 1941 1360 1998 urbem
1401 1940 1685 2017 dignitate
1713 1940 2110 2017 aequipararet,
2139 1937 2293 1997 utili-

483 2045 601 2091 tate
630 2045 941 2110 superaret.
1025 2035 1306 2111 Idemque
1334 2054 1528 2094 muros
1561 2018 2010 2092 Atheniensium
2038 2033 2295 2094 restituit

482 2128 773 2205 praecipuo
795 2129 1055 2204 periculo
1081 2150 1202 2191 suo.
1286 2130 1556 2208 Namque
1588 2128 2014 2187 Lacedaemonii
2042 2148 2288 2189 causam

365 2207 445 2281 2'0
486 2223 753 2282 idoneam
800 2225 960 2283 nacti
1013 2238 1244 2302 propter
1302 2228 1686 2286 Barbarorum
1731 2219 2128 2298 excursiones,
2177 2227 2298 2303 qua

482 2331 764 2396 negarent
814 2333 1076 2397 oportere
1128 2335 1293 2382 extra
1343 2324 1806 2400 Peloponnesum
1852 2320 2031 2378 ullam
2084 2322 2293 2380 urbem

488 2416 708 2491 haberi,
738 2436 814 2476 ne
850 2429 1046 2477 essent
1086 2419 1218 2478 loca
1253 2419 1479 2478 munita
1506 2437 1635 2495 quae
1674 2418 1865 2475 hostes
1907 2417 2291 2494 possiderent,

483 2514 878 2572 Athenienses
921 2514 1277 2574 aedificantes
1318 2515 1623 2591 prohibere
1668 2525 1803 2598 sunt
1845 2514 2056 2573 conati.
2155 2514 2293 2574 Hoc

479 2608 652 2685 longe
672 2608 785 2665 alio
803 2609 1122 2685 spectabat,
1142 2623 1311 2687 atque
1330 2611 1511 2669 videri
1528 2595 1856 2688 vol-ebant}
1897 2609 2288 2669 Athenienses

359 2705 439 2763 25
473 2704 638 2778 ,enim
661 2705 887 2762 duabus
915 2705 1190 2781 victoriis,
1213 2706 1588 2766 Marathonia
1616 2719 1675 2766 et
1704 2701 2045 2780 Salaminia,
2067 2719 2290 2766 tantam

476 2802 720 2881 gloriam
764 2803 1146 2878 apud‘omnes
1185 2814 1391 2881 gentes
1432 2815 1598 2861 erant
1638 2803 1962 2878 consecuti,
1990 2816 2055 2861 ut
2078 2803 2288 2861 intelli-

476 2911 681 2976 gerent
709 2899 1160 2973 Lacedaemonii,
1188 2900 1263 2958 de
1301 2899 1632 2976 principatu
1673 2897 1784 2955 sibi
1812 2918 1949 2957 cum
1986 2898 2074 2956 his
2100 2912 2285 2957 certa-

478 3014 611 3053 men
630 2997 766 3055 fore.
851 2994 1055 3057 Quare
1084 3015 1183 3055 eos
1209 2993 1384 3072 quam
1406 2994 1825 3054 infirmissimos
1842 3015 1971 3053 esse
1992 2994 2277 3053 volebant.

476 3091 786 3168 Postquam
815 3104 1008 3151 autem
1037 3088 1366 3167 audierunt,
1390 3111 1585 3151 muros
1606 3091 1834 3165 instrui,
1856 3091 2078 3168 legatos
2100 3091 2282 3162 Athe-

356 3188 435 3247 30
475 3208 582 3247 nas
624 3189 924 3264 miserunt,
968 3188 1067 3264 qui
1110 3188 1169 3245 id
1210 3188 1338 3247 fieri
1376 3198 1652 3246 vetarent.
1737 3186 1850 3243 His
1897 3186 2278 3261 praesentibus

473 3285 792 3358 desierunt,
822 3305 893 3346 ac
921 3305 984 3344 se
1025 3285 1098 3344 de
1125 3283 1197 3342 ea
1222 3304 1285 3343 re
1318 3284 1539 3360 legatos
1581 3284 1652 3341 ad
1679 3301 1778 3339 eos
1818 3281 2095 3340 missuros
2122 3282 2280 3339 dixe-

473 3395 624 3444 runt.
709 3381 887 3442 Hanc
912 3381 1264 3460 legationem
1292 3379 1547 3454 suscepit
1573 3376 2020 3450 Themistocles,
2043 3390 2103 3436 et
2123 3378 2280 3436 solus

472 3478 658 3561 primo
703 3479 998 3557 profectus
1036 3490 1142 3537 est.
1240 3475 1480 3551 Reliqui
1531 3472 1710 3551 legati
1762 3484 1826 3532 ut
1864 3483 1988 3531 tum
2029 3473 2276 3546 exirent,
