2492 4207
319 198 396 257 88
827 274 848 299 x
933 204 944 223 ²
1160 207 1488 259 PHOCION.

429 368 765 442 eorumsqui
790 379 916 444 post
943 368 1333 427 Alexandrum
1361 387 1631 445 magnum
1659 386 1823 444 reges
1850 378 1984 427 sunt
2023 369 2217 444 appel-

430 461 548 534 l'ati,
577 480 647 518 ex
674 462 782 519 hoc
824 448 1091 520 facillime
1133 474 1318 539 potest
1358 464 1624 540 judicari,
1667 461 1819 538 quod
1859 481 2052 535 nemo,
2098 463 2217 521 Eu-

428 575 592 613 mene
645 556 788 630 vivo,
837 576 938 615 rex
984 559 1295 634 appellatus
1336 568 1442 631 est,
1488 558 1588 616 sed
1633 556 1935 633 praefectus
1953 575 1968 625 ;
2013 556 2215 640 iidem,

423 641 548 726 post
574 652 742 727 hujus
766 671 1053 725 occasum,
1082 653 1271 711 statim
1314 653 1534 729 regium
1577 664 1839 710 ornatum
1885 668 2216 728 nomenque

346 746 386 801 5
424 758 814 821 sumpserunt:
857 767 1059 823 neque,
1086 749 1233 823 quod
1281 748 1443 806 initio
1486 738 1888 826 praedicarunt,
1933 765 1996 804 se
2037 748 2217 806 Alex·-

424 841 585 898 andri
607 841 799 900 liberis
825 861 1062 921 regnum
1103 862 1343 916 servare,
1370 843 1427 900 id
1468 854 1734 919 praestare
1780 841 2111 913 voluerunt3
2152 854 2214 901 et

423 954 538 994 uno
583 950 997 1013 propugnatore
1039 938 1279 1011 sublato,
1321 938 1458 1013 quid
1505 937 1800 1009 sentirent,
1846 950 2208 1012 aperuerunt.

423 1030 613 1106 Hujus
641 1032 869 1090 sceleris
893 1033 1435 1109 principes'fuerunt
1464 1032 1808 1109 Antigonus,
1848 1031 2209 1106 PtolemaeuS,

424 1126 719 1199 SeleucuS‚
767 1126 1160 1202 LysimachuS,
1206 1128 1545 1186 Cassander.
1634 1125 1973 1209 ‘Antigonus
2013 1139 2209 1185 autem

311 1221 386 1277 10
424 1221 740 1279 Eumenem
770 1222 1050 1280 mortuum
1085 1208 1416 1299 propinquis
1463 1222 1588 1299 ejus
1615 1221 2006 1298 sepeliendum
2032 1220 2208 1278 tradi-

422 1316 519 1374 dit.
601 1315 683 1372 Hi
710 1310 936 1374 militari
965 1318 1202 1375 honesto
1230 1318 1448 1390 funere,
1467 1317 1775 1375 comitante
1793 1326 1909 1374 toto
1927 1315 2207 1401 exercitu,

421 1412 795 1469 humaverunt
818 1431 831 1480 ;
851 1480 854 1483 ¹
872 1415 1110 1487 ossaque
1137 1412 1263 1489 ejus
1290 1412 1350 1469 in
1379 1410 1801 1488 Cappadociam
1852 1410 1923 1467 ad
1947 1422 2205 1470 «matrem

422 1514 584 1578 atque
613 1524 846 1565 uxorem
871 1507 1187 1582 liberosque
1214 1507 1340 1582 ejus
1360 1507 1713 1583 deportanda
1739 1504 2028 1564 curarunt.

897 1956 1068 2015 xlx.
1152 1954 1674 2015 PHOCION.

488 2161 535 2218 Ι.
638 2162 918 2235 Phocion,
971 2161 1351 2220 Atheniensis.
1453 2162 1579 2220 Etsi
1648 2161 1796 2239 saepe
1853 2163 2202 2223 exercitibus

299 2257 372 2312 15
409 2254 649 2329 praefuit,
678 2274 1036 2331 summosque
1063 2255 1424 2333 magistratus
1450 2257 1622 2333 cepit,
1650 2255 1839 2316 tamen
1867 2256 2047 2316 multo
2076 2260 2205 2336 ejus

409 2347 594 2407 notior
623 2349 919 2426 integritas
946 2350 1094 2423 vitae,
1122 2349 1294 2426 quam
1320 2351 1405 2409 rei
1432 2352 1690 2411 militaris
1737 2352 1909 2410 labor.
1992 2352 2201 2430 Itaque

408 2445 579 2521 hujus
605 2445 878 2503 memoria
903 2457 990 2504 est
1017 2447 1174 2503 nulla
1196 2467 1210 2516 ;
1253 2447 1406 2504 illius
1433 2459 1622 2516 autern
1649 2466 1859 2524 magna
1897 2448 2081 2505 fama:
2126 2468 2199 2508 ex

406 2560 519 2617 quo
546 2540 888 2617 cognomine
916 2541 1116 2615 Bonus
1159 2553 1246 2601 est
1295 2543 1622 2618 appellatus.
1706 2541 1841 2600 Fuit
1878 2529 2041 2599 enim¹
2074 2563 2200 2619 per-

404 2634 577 2711 petuo
628 2655 862 2712 pauper,
916 2656 1110 2718 quum,
1142 2637 1512 2695 divitissimus
1563 2656 1688 2695 esse
1730 2649 1922 2713 posset
1970 2651 2199 2715 propter

289 2731 368 2788 20
407 2732 728 2807 frequentes
756 2731 973 2790 delatos
1001 2733 1264 2805 honoreS,
1291 2744 1708 2808 potestatesque
1757 2739 2027 2807 summas,
2073 2754 2199 2810 quae

405 2826 460 2884 ei
489 2846 524 2884 a
546 2827 1080 2903 populodabantur.
1163 2827 1283 2885 Hic
1307 2847 1481 2903 quum
1514 2848 1549 2886 a
1586 2847 1720 2904 rege
1769 2827 2033 2906 Philippo
2077 2848 2198 2887 mu-

404 2940 544 2980 nera
569 2941 789 2999 magnae
815 2922 1074 2998 pecuniae
1117 2923 1462 2999 repudiaret,
1508 2923 1790 3000 legatique
1838 2925 2197 2984 hortarentur

407 3016 686 3092 accipere,
703 3017 991 3093 ¹simulque
1022 3019 1411 3096 admonerent,
1441 3019 1490 3076 si
1511 3019 1629 3096 ipse
1651 3020 1741 3078 his
1759 3019 1928 3078 facile
1950 3034 2192 3094 careret,

403 3110 596 3169 liberis
623 3125 815 3171 tamen
843 3114 961 3172 suis
985 3114 1351 3190 prospiceret,
1393 3114 1597 3189 quibus
1639 3115 1869 3174 difficile
1912 3126 2081 3189 esset,
2131 3115 2195 3176 in

286 3206 365 3263 25
403 3206 625 3264 summa
651 3220 982 3284 paupertate
1009 3220 1224 3267 tantam
1260 3220 1555 3283 paternam
1596 3210 1742 3268 tueri
1789 3209 2059 3286 gloriam:
2103 3210 2194 3268 his

403 3299 517 3372 ille,
548 3301 600 3356 si
645 3303 749 3358 mei
769 3304 973 3361 similes
1006 3311 1187 3376 erunt,
1215 3303 1358 3360 idem
1404 3304 1515 3377 hic,
1560 3299 1760 3380 inquit,
1809 3305 2026 3379 agellus
2067 3305 2194 3363 illos

401 3395 533 3469 alet,
561 3396 662 3472 qui
685 3416 765 3454 me
792 3397 874 3455 ad
894 3399 1038 3456 Itane
1066 3398 1404 3474 dignitatem
1413 3387 1683 3476 perclusit
1698 3420 1719 3462 ,-
1760 3398 1851 3455 sin
1894 3399 2192 3459 dissimiles
