2492 4207
327 277 405 336 28
1099 260 1544 335 Ammaous.
1637 298 1640 303 <

445 457 553 517 tur,
606 442 764 521 prius
810 445 980 519 quam
1029 443 1226 503 classis
1266 442 1466 516 exiret,
1513 441 1742 515 accidit,
1786 452 1850 517 ut
1894 441 2013 499 una
2058 455 2229 503 nocte

440 558 640 599 omnes
667 538 918 612 Hermae,
939 540 1038 615 qui
1065 539 1125 597 in
1150 540 1360 617 oppido
1386 550 1548 601 erant
1596 536 1863 611 Athenis,
1910 537 2230 614 dejiceren-

441 648 551 708 tur,
604 646 808 712 proeter
859 652 1058 709 unum,
1111 634 1208 710 qui
1263 646 1394 693 ante
1441 634 1678 710 januam
1743 643 1867 691 erat
1918 633 2228 694 Andocidi.

442 729 642 805 Itaque
684 729 779 788 ille
820 742 1018 806 postea
1064 729 1390 789 Mercurius
1438 728 1757 788 Andocidis
1802 729 2081 788 vocitatus
2126 743 2229 790 est.

363 826 404 882 5
443 824 575 884 Hoc
601 844 774 902 quum
803 837 1097 903 appareret
1122 845 1239 884 non
1268 825 1392 884 sine
1419 825 1629 903 magna
1658 827 1962 884 multorum
1995 825 2234 885 consen4

444 921 610 980 sione·
632 940 758 980 esse
786 923 1020 995 factum,
1049 919 1207 996 quod·
1228 940 1346 980 non
1369 922 1439 980 ad
1467 921 1762 998 privatam,
1791 921 1892 980 sed
1938 922 2010 979 ad
2052 921 2234 998 publi·

442 1036 569 1075 cam
596 1037 717 1076 rem
742 1017 1087 1094 pertineret3
1128 1036 1373 1094 magnus
1419 1016 1770 1076 multitudini
1810 1016 1977 1076 timor
2016 1027 2105 1075 est
2151 1017 2236 1076 in-

438 1113 646 1188 jectus,
694 1130 882 1187 nequa
925 1113 1224 1188 repentina
1271 1113 1354 1172 vis
1398 1114 1458 1171 in
1506 1113 1735 1172 civitate
1780 1112 2065 1186 existeret,
2107 1132 2236 1188 quae

441 1207 760 1266 libertatem
787 1206 1131 1283 opprimeret
1164 1208 1375 1285 populi.
1460 1208 1592 1267 Hoc
1634 1206 1881 1266 maxime
1927 1209 2234 1267 convenire

333 1301 406 1359 10
445 1301 505 1359 in
534 1301 898 1359 Alcibiadem
945 1301 1263 1375 videbatur,
1310 1292 1484 1377 qubcf
1513 1315 1570 1362 et
1616 1303 1897 1380 potentior
1936 1314 1995 1362 et
2034 1298 2260 1380 major,o

443 1393 614 1471 quarn
640 1396 911 1472 privatus,
940 1396 1387 1455 existimabatur.
1472 1396 1689 1457 Multos
1716 1398 1871 1457 enim
1897 1397 2239 1458 liberalitate

444 1489 793 1564 devinxerat,
820 1493 1013 1569 plures
1058 1492 1231 1551 etiam
1273 1492 1448 1569 opera
1484 1492 1695 1551 forensi
1736 1513 1870 1552 suos
1894 1493 2235 1564 reddiderat.

442 1586 644 1649 Quare
669 1587 861 1660 fiebat,
891 1598 956 1646 ut
979 1587 1236 1647 omnium
1263 1587 1479 1661 oculoS,
1506 1588 1955 1663 quotiescunque
1997 1588 2058 1647 in
2098 1589 2241 1665 pub-

443 1682 618 1741 licum
646 1681 946 1761 prodisset,
976 1685 1048 1741 ad
1091 1703 1152 1742 se
1200 1695 1577 1758 converteret,
1624 1702 1809 1758 neque
1851 1683 1904 1741 ei
1951 1703 2075 1765 par·
2093 1685 2243 1760 quis-

333 1779 408 1837 15
445 1798 616 1854 quam
663 1777 996 1838 incivitate
1040 1792 1364 1856 poneretur.
1447 1779 1648 1856 Itaque
1695 1798 1811 1838 non
1859 1777 2043 1836 solum
2082 1799 2243 1857 spem

447 1874 505 1931 in
532 1893 603 1934 eo
629 1875 918 1934 habebant
943 1875 1271 1951 maximam,
1293 1875 1397 1934 sed
1425 1874 1619 1935 'etiam
1661 1874 1944 1949 timorem,
1991 1872 2144 1952 quod
2185 1887 2245 1935 et

445 1971 647 2030 obesse
698 1969 1007 2047 plurimum
1054 1983 1113 2031 et
1164 1972 1434 2049 prodesse
1479 1983 1716 2048 poterat.
1818 1970 2243 2048 Aspergebatur

445 2066 616 2125 etiam
647 2066 904 2139 infamia,
931 2065 1085 2142 quod
1112 2067 1174 2124 in
1201 2067 1372 2126 domo
1399 2065 1507 2124 sua
1554 2066 1744 2124 facere
1789 2065 2057 2140 mysteria
2092 2067 2243 2127 dice-

447 2161 613 2218 batur
637 2180 650 2216 :
690 2160 841 2235 quod
867 2160 1030 2217 nefas
1056 2171 1180 2219 erat
1205 2161 1363 2218 more
1391 2158 1835 2217 Atheniensium
1859 2178 1874 2227 3
1911 2158 2090 2234 ,idque
2122 2181 2240 2222 non

329 2254 410 2312 20
446 2254 520 2312 ad
547 2253 903 2329 religionem,
931 2253 1033 2310 sed
1062 2254 1135 2311 ad
1174 2252 1627 2331 conjurationem
1647 2251 1931 2329 pertinere
1953 2253 2243 2315 existima-

450 2351 634 2408 batur.
1194 2365 1197 2368 ’
1673 2365 1682 2368 ’

526 2441 630 2499 IV.
715 2439 847 2499 Hoc
875 2439 1117 2497 crimine
1146 2440 1207 2497 in
1236 2438 1521 2498 concione
1549 2440 1621 2499 ab
1658 2441 1909 2501 inimicis
1945 2445 2245 2521 compella·

452 2541 633 2598 batur.
717 2536 836 2595 Sed
881 2535 1129 2595 instabat
1175 2548 1402 2612 tempus
1448 2536 1520 2594 ad
1561 2536 1778 2596 bellum
1825 2538 2240 2615 proficiscendi.

450 2635 521 2691 Id
550 2632 645 2690 ille
672 2631 923 2703 intuenS,
951 2649 1138 2706 neque
1174 2630 1447 2708 ignorans
1489 2631 1701 2690 civium
1736 2643 1966 2692 suorum
2009 2654 2244 2695 consue-

335 2730 414 2789 25
453 2728 731 2801 tudinem,
758 2727 1097 2804 postulabat,
1126 2738 1208 2800 ut,
1237 2726 1287 2785 si
1327 2726 1464 2802 quid
1491 2727 1564 2786 de
1591 2747 1653 2785 se
1681 2728 1775 2805 agi
1799 2729 2029 2803 vellent,
2056 2727 2245 2807 potius

454 2827 527 2884 de
571 2835 850 2901 praesente
896 2821 1131 2898 quaestio
1172 2823 1498 2895 haberetur,
1551 2821 1721 2898 quam
1766 2824 1971 2883 absens
2016 2825 2243 2884 invidiae

456 2920 695 2980 crimine
723 2929 1102 2977 accusaretur.
1184 2907 1416 2976 Inimici
1462 2915 1596 2976 vero
1644 2918 1789 2994 ejus,
1835 2919 2245 2996 quiescendum

458 3017 518 3075 in
542 3014 828 3092 praesenti,
855 3013 991 3089 quia
1013 3012 1209 3071 noceri
1236 3032 1353 3072 non
1377 3009 1544 3089 'posse
1570 3011 1984 3091 intelligebant,
2020 3025 2077 3072 et
2102 3014 2245 3073 illud

457 3123 681 3186 tempus
707 3109 1145 3187 expectandum,
1176 3109 1575 3180 decreverunt,
1621 3126 1735 3184 quo
1774 3107 2003 3180 exisset,
2047 3118 2111 3166 ut
2158 3109 2246 3168 sic

345 3206 426 3264 3⁰
444 3203 447 3208 ⁴
462 3206 752 3263 absentem
780 3204 1264 3283 aggrederentur:
1306 3202 1495 3277 itaque
1543 3204 1817 3261 fecerunt.
1898 3198 1958 3258 N
1962 3220 2051 3259 am
2093 3217 2245 3279 post·

459 3317 627 3376 quam
651 3299 711 3356 in
739 3293 997 3359 Siciliam
1018 3317 1150 3357 eum
1174 3297 1502 3374 pervenisse
1523 3299 1906 3370 crediderunt,
1927 3296 2242 3374 absentem,

460 3393 609 3472 qudd
635 3413 796 3453 sacra
816 3397 1100 3469 violasset,
1128 3413 1290 3452 reum
1334 3394 1607 3454 fecerunt.
1686 3392 1826 3456 Qua
1852 3392 1925 3450 de
1966 3412 2037 3471 re·
2069 3412 2244 3471 quum

461 3490 517 3548 ei
562 3489 797 3549 nuntius
839 3510 873 3549 a
918 3474 1252 3568 magistratu
1303 3489 1363 3547 in
1412 3488 1668 3548 Siciliam
1719 3488 1925 3546 missus
1970 3500 2140 3564 esset,
2181 3502 2247 3549 ut
