2492 4207
907 274 1295 327 ARISTIDES.
1840 294 1867 325 ο
2036 275 2108 334 17

189 435 323 495 Cui
350 436 448 496 ille
472 435 782 513 respondit,
808 453 870 494 se
898 436 1158 513 ignorare
1209 436 1541 513 Aristidem,
1581 440 1684 499 sed
1731 438 1842 499 sibi
1880 459 1999 503 non

185 533 455 608 plaeere,
481 530 637 608 quod
661 543 773 590 tam
800 529 1008 608 cupide
1037 532 1405 607 elaborasset,
1432 545 1496 593 ut
1532 548 1732 612 praeter
1760 547 1994 597 oaeoeros

187 625 236 683 J
240 638 407 686 ustus
450 627 837 703 appellaretur.
935 626 1053 686 Hie
1104 627 1309 685 decem
1364 647 1638 688 annorum
1682 632 1994 709 legitimam

185 741 437 799 ptenam
453 741 570 780 non
587 722 828 799 pertulit.
869 720 956 778 ·N
960 740 1051 779 am
1071 733 1367 799 postquam
1383 724 1609 784 Xerxes
1630 727 1687 783 in
1708 727 1990 787 Graeciam

190 816 529 889 deseendit,
557 830 715 877 sexto
741 814 860 875 fere
905 836 1076 890 anno,
1103 815 1275 893 quam
1296 831 1419 877 erat
1439 821 1726 897 expulsus,
1750 823 1993 900 populis-
2029 825 2071 882 5

190 913 327 973 cito
353 914 415 972 in
439 913 677 991 patriam
703 912 996 972 restitutus
1021 924 1124 971 est.

287 1008 368 1066 11.
450 1008 719 1069 Interfuit
756 1022 946 1068 autem
995 1027 1204 1086 pugnae
1252 1009 1438 1068 navali
1487 1011 1638 1087 apud
1687 1012 1996 1089 Salamina,

125 1128 130 1133 ¹
193 1122 331 1182 qnae
385 1106 537 1164 faeta
587 1110 674 1165 est
724 1104 903 1182 prius,
957 1102 1126 1180 quam
1177 1106 1348 1182 poena
1400 1107 1751 1167 liberaretur.
1835 1108 1998 1168 Idem

195 1211 414 1278 praetor
437 1201 544 1260 fuit
563 1201 1009 1261 Atheniensium
1038 1202 1186 1279 apud
1229 1202 1468 1261 Plataeas
1516 1204 1575 1262 in
1621 1205 1839 1281 proelio,
1888 1224 2000 1281 quo

113 1322 118 1325 -
199 1296 547 1356 Mardonius
574 1300 755 1372 fusus,
797 1297 1286 1373 Barbarorumque
1331 1299 1614 1357 exercitus
1663 1300 1999 1360 interfectus
2040 1300 2112 1359 1⁰

197 1405 310 1452 est.
380 1393 585 1470 Neque
614 1394 768 1452 aliud
796 1405 881 1451 est
917 1394 1090 1451 ullum
1121 1393 1292 1469 hujus
1333 1394 1394 1451 in
1420 1413 1482 1452 re
1528 1395 1759 1453 militari
1782 1396 2000 1455 illustro

199 1489 444 1562 sactum,
472 1488 643 1565 quam
671 1490 838 1565 hujus
866 1489 1086 1566 imperii
1133 1488 1445 1560 memoria3
1482 1489 1716 1567 justitiae
1759 1489 1893 1550 vero
1940 1504 2001 1551 et

200 1584 487 1660 aequitatis
537 1595 594 1643 et
640 1585 983 1645 innoeentiae
1035 1586 1255 1647 multa:
1298 1584 1358 1642 in
1411 1584 1628 1661 primiS,
1676 1584 1827 1662 quod
1876 1586 2000 1663 ejus

202 1680 467 1754 aequitate
490 1680 701 1739 factum
722 1693 829 1754 est,
858 1700 1034 1757 quum
1062 1680 1123 1738 in
1144 1679 1438 1739 communi
1466 1681 1647 1739 classe
1668 1694 1820 1740 esset
1845 1682 2001 1740 Grae-

201 1774 310 1832 oiae
363 1775 530 1834 simul
585 1796 719 1834 oum
769 1775 1078 1848 PausaniA,
1131 1795 1244 1852 quo
1294 1777 1441 1833 duee
1496 1775 1833 1835 Mardonius
1877 1790 2001 1837 erat
2045 1780 2116 1837 15

201 1871 453 1946 fugatus,
498 1885 563 1929 ut
612 1888 837 1928 summa
862 1869 1085 1944 imperii
1125 1869 1397 1927 maritimi
1440 1871 1512 1926 ab
1551 1870 2005 1930 Lacedaemoniis

199 1965 604 2023 transferretur
631 1964 703 2021 ad
732 1962 1136 2021 Athenienses.
1220 1961 1281 2019 N
1286 1980 1485 2037 amque
1513 1976 1645 2022 ante
1686 1965 1743 2020 id
1783 1977 2004 2042 tempus

132 2052 136 2056 ⁴
201 2070 264 2119 et
293 2058 437 2118 mari
463 2069 521 2118 et
546 2058 695 2118 terra
711 2057 893 2119 duces
913 2070 1076 2118 erant
1092 2055 1533 2117 Lacedaemonii.
1616 2058 1773 2117 Tum
1817 2072 2005 2120 autem

202 2167 264 2214 et
286 2155 725 2232 intemperantia
743 2153 1043 2213 Pausaniae
1061 2165 1118 2212 et
1128 2152 1354 2230 justitia
1371 2155 1586 2213 factum
1606 2168 1694 2216 est
1710 2156 1999 2231 Aristidis,

202 2264 269 2311 ut
292 2270 493 2311 omnes
518 2249 926 2310 feret-‘ivitates
952 2249 1190 2308 Graeoiae
1229 2250 1306 2307 ad
1350 2250 1796 2310 Atheniensium
1824 2254 2002 2312 socie·
2038 2254 2118 2311 2⁰

204 2360 383 2407 tatem
412 2368 473 2407 se
502 2347 874 2424 applicarent,
922 2357 982 2404 et
1030 2342 1300 2403 adversus
1347 2344 1628 2405 Barbaros
1674 2348 1778 2405 hos
1823 2348 2002 2407 duces

207 2445 525 2521 deligerent
550 2444 679 2517 sibi,
706 2441 820 2520 quo
850 2439 1076 2501 facilius
1115 2442 1476 2518 repellerent,
1519 2442 1568 2498 si
1605 2441 1746 2500 sorte
1790 2444 2001 2500 bellum

207 2560 482 2600 renovare
510 2551 873 2599 conarentur.
928 2538 944 2562 ⁹

287 2635 401 2693 ΙΙΙ.
484 2636 819 2693 Ad·olasses
846 2633 1212 2690 aedificandas
1238 2630 1634 2706 exercitusque
1672 2650 2001 2708 comparan-

209 2732 316 2790 dos
343 2741 615 2805 quantum
660 2729 919 2806 pecuniae
961 2746 1195 2804 quaeque
1245 2726 1445 2785 civitas
1493 2728 1671 2800 daret,
1721 2727 2004 2787 Aristides
2040 2729 2122 2787 25

211 2827 472 2885 delectus
487 2837 590 2899 est,
612 2826 708 2900 qui
730 2824 1115 2884 constitueret.
1196 2823 1341 2900 Ejus
1365 2822 1594 2883 arbitrio
1614 2825 2008 2901 quadringena

211 2934 270 2980 et
297 2938 587 2996 sexagena
611 2922 825 2979 talenta
851 2920 1155 2996 quotannis
1201 2919 1410 2977 Delum
1455 2932 1587 2978 sunt
1633 2921 1854 2978 collata.
1935 2918 2006 2978 Id

214 3018 369 3077 enim
410 3034 711 3074 commune
753 3017 1014 3075 aerarium
1060 3035 1185 3074 esse
1233 3016 1546 3073 voluerunt.
1627 3014 1779 3076 Quae
1821 3013 2006 3073 omnis

214 3113 458 3191 pecunia
502 3123 725 3189 postero
769 3124 1020 3188 tempore
1067 3112 1333 3169 Athenas
1384 3111 1657 3169 translata
1703 3121 1805 3168 est.
1886 3109 2005 3169 Hic

217 3209 329 3284 qua
384 3206 555 3266 fuerit
609 3205 972 3279 abstinentia,
1026 3207 1246 3264 nullum
1298 3217 1386 3265 est
1438 3204 1650 3264 certius
1703 3204 2001 3279 indicium,
2040 3205 2120 3265 30

217 3306 388 3379 quam
414 3301 589 3378 quod,
617 3320 791 3377 quum
819 3302 991 3361 tantis
1017 3302 1187 3359 rebus
1212 3302 1548 3378 praefuisset,
1590 3301 1650 3357 in
1689 3302 1849 3359 tanta
1868 3320 2005 3377 pau-

219 3409 436 3474 pertate
464 3397 729 3469 decessit,
758 3408 841 3469 ut,
869 3396 962 3455 nui
990 3396 1303 3470 efferretur,
1352 3397 1444 3453 vix
1485 3396 1786 3472 reliquerit.
1865 3395 2003 3458 Quo

223 3495 434 3552 fastum
460 3504 565 3566 est,
596 3504 657 3551 ut
679 3492 808 3550 filiae
831 3492 956 3569 ejus
968 3490 1196 3570 publice
1223 3494 1525 3565 alerentur,
1543 3504 1601 3552 et
1620 3494 1692 3550 de
1713 3491 2002 3552 communi

604 3588 646 3646 2
672 3587 706 3622 st
