2492 4207
329 272 406 329 70
1132 269 1534 395 ΡΕΒΟΡΙΒΑΙΞ.

446 436 929 508 Lacedaemonius,
981 452 1156 509 quum
1209 429 1520 489 exercitum
1583 425 1897 501 Olynthum
1962 422 2256 495 duceret„

445 540 657 613 iterque
683 555 782 612 per
810 531 1046 589 Thebas
1074 530 1303 599 faceret,
1334 543 1522 583 arcem
1557 521 1769 598 oppidi,
1797 538 1919 594 quae
1963 518 2220 576 Cadmea

443 634 785 703 nominatur,
828 624 1127 702 occupavit
1159 623 1419 698 ‚impulsu
1459 634 1868 696 perpaucorum
1913 609 2219 672 Thebano-

441 750 587 803 rum,
625 727 741 804 qui,
790 721 1120 782 adversarias
1169 719 1402 777 factioni
1446 715 1558 793 quo
1607 712 1831 773 facilius
1878 711 2221 783 resisterent,

366 830 406 886 5
446 826 738 883 Lamnum
764 821 933 878 rebus
960 803 1298 876 studebant:
1341 807 1635 888 idque‘suo
1681 808 1916 885 privato,
1945 827 2062 865 non
2087 807 2223 883 pub-

443 923 574 994 lico,
618 918 753 985 &nit
798 913 1049 992 consilio.
1129 910 1270 972 Quo
1317 910 1480 985 facto*
1507 925 1639 965 eum
1687 902 2115 962 Lacedaemonfi
2157 901 2224 958 ab

443 1014 697 1075 exercitu
742 1017 1099 1070 removerunt
1142 1004 1499 1083 pecuniaque
1545 1003 1888 1059 multarunt:
1930 1017 2114 1072 neque
2156 996 2225 1054 eo

444 1110 625 1188 magis
678 1124 865 1165 arcem
909 1100 1218 1160 'Thebanis
1270 1098 1660 1170 reddiderunt,
1720 1093 1873 1171 quod
1945 1092 2218 1168 susceptis

446 1203 758 1277 inimicitiis
784 1199 960 1259 satius
987 1198 1276 1256 ducebant
1316 1215 1414 1254 eos
1459 1191 1726 1265 obsideri,
1763 1189 1932 1273 quam
1978 1189 2218 1247 liberari.

334 1306 408 1362 10
447 1303 600 1361 Nam
623 1310 749 1376 post
773 1292 1250 1370 Peloponnesium
1296 1291 1508 1350 bellum
1555 1287 1926 1363 Athenasque
1970 1284 2220 1355 devictas

444 1416 577 1456 cum
603 1392 900 1452 Thebanis
927 1389 1037 1448 sibi
1061 1407 1182 1449 rem
1218 1406 1344 1445 esse
1391 1384 1815 1458 existimabant,
1852 1393 1911 1440 et
1950 1401 2051 1440 eos
2098 1399 2219 1439 esse

444 1494 609 1564 solos,
660 1488 757 1565 qui
811 1482 1077 1544 adversus
1128 1482 1388 1541 resistere
1453 1480 1744 1538 auderent.
1847 1476 1985 1534 Ηέἰο
2032 1486 2221 1537 mente.

446 1587 644 1647 amicis
690 1584 807 1643 suis
860 1600 1107 1640 summas
1156 1588 1465 1655 potestates
1532 1577 1829 1648 dederant,
1886 1572 2222 1648 alteriusque

445 1677 707 1743 factionis
731 1677 1019 1757 principes
1042 1673 1249 1752 partim
1276 1673 1698 1744 interfecerant,
1729 1670 1868 1729 alios
1905 1669 1964 1726 in
1992 1667 2226 1726 exilium

336 1782 408 1839 15
448 1779 771 1857 ejecerant:
813 1774 874 1831 in
925 1758 1129 1849 quibus
1180 1754 1482 1846 Pelopidas
1533 1766 1648 1841 hic,
1702 1766 1776 1824 de
1820 1784 1929 1842 quo
1974 1764 2225 1822 scribere

448 1873 633 1934 exorsi
654 1890 867 1942 sumus,
894 1869 1111 1945 pulsus,
1137 1865 1323 1942 patria
1351 1860 1599 1931 carebat.
2016 1882 2019 1883 ⁷

522 1969 603 2027 ΙΙ.
684 1966 765 2025 Hi
793 1985 992 2024 omnes
1021 1961 1138 2021 sere
1166 1962 1430 2021 Athenas
1447 1979 1518 2018 .se
1547 1960 1921 2031 contulerant,
1966 1972 2083 2016 non
2117 1954 2226 2032 quo

197 2074 226 2128 ὤ
446 2076 811 2143 sequerentur
836 2064 1035 2134 otium,
1064 2061 1164 2119 sed
1192 2072 1275 2133 ut,
1297 2076 1583 2135 quemque·
1623 2077 1696 2117 ex
1741 2057 1995 2135 proximo
2042 2057 2223 2115 locum

377 2157 406 2184 ³*
448 2165 556 2222 fors
581 2160 895 2229 obtulisset,
937 2177 1006 2215 eo
1046 2154 1286 2232 patriam
1332 2149 1669 2231 recuperare
1706 2154 2036 2212 niterentur.
2120 2152 2225 2210 Ita·
2270 2151 2276 2160 ’

291 2248 294 2251 ’
330 2256 408 2317 20
446 2275 555 2331 que
581 2269 756 2329 quum
780 2263 1001 2327 tempus
1037 2264 1124 2307 est
1169 2248 1353 2307 visum
1398 2250 1483 2308 rei
1523 2251 1806 2326 gerendae,
1854 2249 2224 2307 communiter

446 2370 578 2411 cum
606 2343 713 2422 his,
739 2346 836 2423 qui
862 2346 1084 2404 Thebis
1110 2345 1263 2402 idem
1306 2346 1647 2418 sentiebant,
1678 2346 1829 2416 diem
1871 2346 2220 2421 delegerunt,

448 2449 518 2507 ad
547 2446 809 2506 inimicos
833 2441 1232 2519 opprimendos
1260 2440 1656 2515 civitatemque
1677 2440 2050 2512 liberandam,
2073 2459 2219 2510 eum,

445 2564 555 2620 quo
607 2538 838 2598 maxim-i
890 2536 1254 2614 magistratus
1306 2535 1471 2593 simul
1527 2546 1940 2594 consueverant
1992 2535 2218 2611 epulari.

448 2639 675 2714 Magnae
700 2632 874 2710 saepe
922 2652 1014 2720 res
1059 2651 1175 2690 non
1228 2630 1309 2689 ita
1338 2629 1573 2707 magnis
1615 2630 1796 2706 copiis
1841 2642 1973 2689 sunt
2013 2642 2221 2707 gestae3

329 2735 409 2793 25
446 2733 547 2792 sed
572 2726 825 2809 profecto
854 2746 1144 2803 nunquam
1194 2726 1265 2784 ab
1312 2733 1429 2784 tam'
1470 2726 1630 2785 tenui
1675 2725 1840 2785 initio
1880 2737 2052 2785 tantae
2076 2746 2224 2803 opes

446 2840 577 2888 sunt
622 2822 947 2903 profligatae.
1054 2821 1113 2878 N
1118 2839 1208 2878 am
1261 2821 1563 2902 duodecim
1618 2821 2025 2880 adolescentuli
2077 2825 2223 2879 coie-

445 2937 578 2984 runt
603 2942 676 2980 ex
700 2920 809 2993 his,
838 2917 934 2993 qui
960 2917 1131 2975 exilio
1149 2928 1313 2975 erant
1337 2916 1578 2990 multati,
1621 2935 1794 2996 quum
1835 2901 2066 2980 omnino
2106 2936 2220 2974 non

445 3029 636 3078 essent
662 3013 903 3092 amplius
936 3024 1187 3086 centum,
1215 3012 1313 3089 qui
1339 3024 1497 3071 tanto
1539 3033 1600 3070 se
1640 3013 1907 3076 offerrent
1950 3012 2216 3090 periculo.

444 3114 584 3176 Qua
608 3111 898 3189 paucitate
920 3109 1179 3185 perculsa
1216 3120 1303 3167 est
1349 3107 1911 3168 Lacedaemoniorum
1953 3108 2218 3185 potentia.

333 3207 410 3272 30
450 3209 532 3268 Hi
596 3206 777 3265 enim·
821 3225 937 3265 non
1004 3203 1187 3280 magis
1255 3204 1699 3263 adversariorum
1752 3204 2006 3278 factioni,
2057 3202 2223 3280 quarn

449 3301 761 3380 Spartanis,
789 3320 858 3360 eo
884 3312 1134 3377 tempore
1161 3299 1387 3357 bellum·
1419 3299 1762 3371 intulerunt3
1805 3300 1901 3376 qui
1942 3300 2228 3376 principes

444 3408 608 3459 erant
633 3396 805 3455 totius
846 3395 1105 3468 Graeciae,
1158 3394 1397 3469 quorum
1442 3394 1665 3471 imperii
1709 3394 1995 3470 majestas,
2043 3412 2226 3469 neque

446 3489 524 3556 ita
548 3490 726 3552 multo
752 3489 900 3568 post,
928 3489 1235 3551 Leuctrica
1257 3489 1470 3569 pugna,
1500 3492 1571 3549 ab
1594 3492 1708 3551 hoc
1753 3487 1916 3549 initio
1949 3491 2227 3568 perculsa,
