2492 4207
786 266 851 314 Τ.
887 264 1288 314 POMPONIUS
1323 264 1644 315 ATTICUS.
2089 256 2195 312 lll

291 443 474 500 neque
502 423 749 501 longius,
794 422 961 498 quam
1010 423 1228 480 dictum
1276 436 1445 496 esset,
1486 443 1583 482 eos
1612 425 1838 505 *debere
1880 442 2082 500 passus

290 519 380 576 sit.
461 520 639 581 Quod
669 531 966 594 utrumque
1029 530 1151 576 erat
1201 518 1273 575 iis
1326 519 1584 576 salutare,
1690 519 1841 577 Nam
1895 539 2082 596 neque

289 614 646 690 indulgendo
675 615 1086 681 inveterascere
1114 632 1310 671 eorum
1341 633 1416 671 aes
1459 614 1706 671 alienum
1747 616 2087 691 patiebatur,

287 727 476 784 neque
518 708 961 786 multiplicandis
999 708 1183 766 usuris
1230 729 1508 767 crescere.
1592 710 1770 768 Auxit
1815 712 1925 770 hoc
1971 711 2089 769 offi-

289 803 449 860 cium
479 804 591 862 alia
617 825 835 880 quoque
864 804 1217 862 liberalitate.
1303 804 1456 862 Nam
1485 805 1778 863 universos
1806 807 2088 866 frumento
2124 809 2165 865 5

292 900 543 973 donavit,
574 900 652 959 ita
693 912 755 959 ut
796 900 1036 977 singulis
1084 912 1299 976 septem
1346 900 1524 958 modii
1571 900 1748 959 tritici
1789 901 2088 972 darentur;

288 996 389 1071 qui
416 998 615 1055 modus
642 1017 921 1056 mensurae
950 996 1275 1055 medimnus
1304 998 1551 1057 Athenis
1579 998 1910 1073 appellatur.

365 1091 479 1149 III.
561 1093 678 1151 Hic
708 1106 897 1152 autem
927 1092 1011 1150 sic
1039 1112 1099 1150 se
1128 1094 1383 1170 gerebat,
1412 1106 1495 1166 ut,
1525 1094 1845 1151 communis
1862 1092 2091 1165 infimis,

284 1207 387 1264 par
440 1189 812 1266 principibus,
862 1174 1163 1246 videretur.
1244 1188 1383 1249 Quo
1431 1191 1645 1248 factum
1698 1201 1803 1261 est,
1850 1200 1913 1246 ut
1957 1187 2094 1245 huic

285 1303 486 1347 omnes
513 1285 776 1357 honores,
804 1302 944 1358 quos
979 1294 1228 1359 possent,
1258 1282 1486 1359 publice
1538 1285 1833 1357 haberent,
1879 1282 2088 1340 civem·
2131 1282 2202 1339 10

284 1398 396 1454 que
451 1381 639 1438 facere
694 1367 1018 1439 studerent.
1087 1398 1197 1455 quo
1254 1379 1535 1437 beneficio
1602 1379 1696 1436 ille
1750 1379 1835 1437 uti
1889 1377 2090 1436 noluit.

291 1473 500 1551 [Quod
529 1473 790 1552 nonnulli
817 1474 897 1532 ita
923 1475 1384 1569 interpretantur,
1414 1475 1605 1531 amitti
1659 1475 1944 1532 civitatem
1969 1471 2093 1530 Ro-

286 1589 511 1628 manam
565 1569 686 1629 alid
739 1569 1009 1650 adscitd]
1092 1570 1395 1632 Quamdiu
1444 1568 1644 1640 adfuit,
1698 1588 1772 1625 ne
1819 1587 1931 1643 qua
1979 1566 2090 1625 sibi

284 1678 473 1724 statua
497 1678 818 1742 poneretur,
842 1666 1078 1731 restitit:
1123 1666 1330 1721 absens
1376 1660 1676 1738 prohibere
1726 1682 1840 1720 non
1882 1661 2082 1738 potuit.

284 1759 485 1835 Itaque
514 1762 726 1837 aliquot
754 1761 884 1838 ipsi,
904 1772 963 1818 et
999 1758 1241 1830 Phidiae,
1281 1758 1423 1816 locis
1470 1757 1844 1816 sanctissimis
1891 1776 2090 1833 posue·
2134 1758 2205 1814 15

283 1871 433 1914 runt.
533 1858 721 1914 'Hunc
775 1854 931 1912 enim
987 1854 1046 1912 in
1101 1852 1259 1912 omni
1312 1853 1709 1930 procuratione
1762 1852 2091 1929 reipublicae

285 1958 536 2008 actorem
579 1962 983 2024 auctoremque
1030 1949 1338 2011 habebant.
1420 1948 1606 2025 Igitur
1657 1949 1901 2024 primum
1949 1948 2090 2005 illud
2168 2026 2171 2027 7

283 2064 494 2126 munus
523 2047 781 2119 fortunae,
802 2042 955 2120 quod
985 2044 1044 2102 in
1070 2045 1143 2102 ea
1184 2042 1542 2122 potissimum
1587 2044 1726 2102 urbe
1774 2055 1942 2102 natus
1983 2054 2089 2118 est,

281 2141 342 2199 in
396 2141 509 2217 qua
561 2140 912 2200 domicilium
967 2141 1120 2199 orbis
1173 2152 1451 2199 terrarum
1519 2153 1670 2200 esset
1735 2141 1976 2217 imperii,
2026 2153 2090 2199 ut

281 2238 522 2295 eandem
565 2248 623 2295 et
648 2237 889 2314 patriam
917 2237 1152 2296 haberet
1177 2248 1237 2295 et
1264 2237 1594 2308 dominam;
1638 2238 1748 2295 hoc
1791 2237 2084 2312 specimen
2126 2236 2206 2294 2⁰

279 2333 616 2408 prudentiae,
645 2331 798 2409 quod
824 2352 998 2408 quum
1028 2332 1088 2390 in
1114 2351 1243 2389 eam
1293 2332 1580 2392 civitatem
1624 2352 1685 2390 se
1733 2329 2088 2405 contulisset,

282 2447 409 2502 quae
434 2427 791 2502 antiquitate,
821 2427 1197 2499 humanitate,
1227 2427 1491 2485 doctrina
1536 2438 1828 2502 praestaret
1864 2446 2085 2498 omneS,

282 2541 434 2579 unus
461 2521 514 2578 ei
546 2532 678 2596 ante
705 2521 846 2578 alios
865 2521 1043 2579 ‘fuerit
1070 2520 1415 2578 carissimus
1441 2592 1446 2596 .

364 2617 469 2673 IV.
549 2615 687 2674 Huc
735 2631 817 2674 ex'
855 2616 1000 2674 Asia
1049 2616 1215 2673 Sulla
1261 2615 1549 2673 decedens
1596 2633 1771 2690 quum
1819 2613 2086 2688 venisset,

285 2712 556 2787 quamdiu
609 2711 689 2768 ibi
743 2711 867 2785 fuit,
923 2730 1121 2768 secum
1175 2710 1377 2770 habuit
1428 2710 1825 2787 Pomponium,
1886 2723 2088 2787 captus
2125 2711 2203 2770 25

289 2806 666 2865 adolescentis
718 2818 777 2864 et
829 2805 1182 2870 humanitate
1236 2818 1296 2864 et
1372 2805 1651 2864 doctrina.
1760 2805 1861 2863 Sic
1933 2804 2088 2863 enim

287 2900 492 2961 Graece
539 2902 889 3004 loquebatur,
918 2913 982 2968 ut
1010 2901 1259 2960 Athenis
1306 2913 1473 2959 natus
1510 2900 1811 2959 videretur.
1894 2899 2091 2958 Tanta

290 3004 479 3056 autem
507 2996 754 3054 suavitas
780 3009 901 3056 erat
928 2996 1206 3055 sermonis
1234 2996 1447 3072 Latini,
1478 3008 1540 3054 ut
1587 3006 1900 3071 appareret,
1930 2994 1989 3051 in
2018 3015 2088 3057 eo

290 3094 545 3152 nativum
575 3093 860 3168 quendam
886 3094 1135 3168 leporem
1185 3111 1332 3165 es,se
1382 3112 1496 3151 non
1542 3090 1840 3154 adscitum
1924 3089 2088 3149 Idem

286 3194 553 3266 poemata
578 3187 981 3266 pronuntiabat
1007 3201 1064 3248 et
1103 3186 1292 3264 graece
1335 3199 1392 3245 et
1433 3186 1633 3259 latine,
1675 3186 1757 3243 sic
1806 3200 1868 3245 ut
1918 3186 2089 3264 supra
2126 3186 2203 3243 3⁰

289 3286 430 3343 nihil
457 3291 648 3361 posset
675 3282 829 3341 addi.
909 3283 1141 3344 Quibus
1190 3283 1362 3342 rebus
1409 3285 1622 3341 factum
1673 3294 1779 3355 est,
1826 3296 1890 3342 ut
1928 3277 2090 3340 Sulla

289 3399 569 3456 nusquam
596 3399 729 3438 eum
759 3379 830 3436 ab
858 3399 918 3436 se
948 3379 1276 3452 dimitteret,
1305 3389 1648 3474 cuperetque
1690 3399 1885 3437 secum
1913 3379 2088 3435 dedu-

292 3494 437 3534 cere,
539 3475 652 3533 Cui
705 3494 878 3549 quum
933 3477 1274 3550 persuadere
1325 3469 1588 3548 tentaret,
1629 3475 1788 3548 Noli,
1855 3493 1949 3533 oro
2014 3480 2084 3548 te,
