2492 4207
297 252 406 311 116
865 260 925 310 Τ.
959 252 1354 311 POMPONIUS
1391 259 1708 309 ATTICUS.

405 421 593 483 facere
618 438 717 495 par
758 431 927 492 esset,
977 419 1323 492 intuebatur,
1370 417 1540 494 quam
1582 419 1718 494 quid
1767 419 1863 477 alii
1904 420 2196 480 laudaturi

407 516 603 575 forent.
1348 566 1351 569 ,

479 611 554 670 X.
635 609 930 668 Conversa
955 607 1157 666 subito⁴
1172 610 1396 667 fortuna
1421 620 1522 666 est.
1602 608 1680 666 Ut
1707 610 1999 669 Antonius
2023 612 2191 670 rediit

403 706 462 763 in
489 705 735 779 Italiam,
791 724 959 763 nemo
1011 724 1126 763 non
1199 723 1407 780 magno
1464 703 1576 782 [in]
1633 705 1889 780 periculo
1932 707 2201 772 Atticum

325 804 366 861 5
405 803 655 860 futurum
696 801 941 877 putarat,
968 811 1191 877 propter
1240 800 1498 858 intimam
1544 800 1985 860 familiaritatem
2028 803 2192 861 Cice-

403 897 556 956 ronis
582 909 641 955 et
687 896 866 954 Bruti.
947 887 1147 971 Itaque
1202 897 1274 952 ad
1325 897 1628 953 adventum
1677 896 2079 972 imperatorum
2122 900 2195 956 de

406 995 524 1053 foro
550 994 890 1075 decesserat,
918 991 1124 1049 timens
1151 991 1636 1068 proscriptionem,
1677 991 1998 1067 latebatque
2041 995 2193 1070 apud

406 1087 468 1145 P.
511 1088 900 1160 Volumnium,
948 1087 1063 1161 cui,
1112 1098 1174 1145 ut
1215 1087 1584 1159 ostendimus,
1627 1086 1798 1163 paulo
1848 1086 1981 1146 ante
2026 1105 2191 1164 opem

404 1184 641 1242 tulerat:
692 1183 880 1260 (tanta
906 1183 1151 1240 varietas
1180 1182 1250 1240 iis
1280 1182 1625 1259 temporibus
1674 1182 1780 1241 fuit
1827 1185 2083 1257 fortunae,
2128 1198 2193 1243 ut

295 1279 368 1336 10
404 1278 572 1338 modo
619 1279 698 1350 hi,
747 1276 914 1339 modo
964 1278 1065 1351 illi,
1113 1278 1172 1335 in
1219 1297 1439 1336 summo
1485 1288 1676 1335 essent
1702 1290 1800 1336 aut
1831 1279 2070 1356 ‘fastigio
2099 1292 2196 1337 aut

391 1373 683 1451 periculo)
715 1373 1070 1448 habebatque
1098 1391 1293 1430 secum
1320 1373 1400 1434 Q.
1430 1372 1682 1430 Gellium
1722 1373 1966 1447 Canum,
2013 1395 2196 1450 aequae-

403 1468 515 1529 lem
558 1467 1018 1542 simillimumque
1066 1468 1171 1525 sui.
1254 1467 1386 1526 Hoc
1416 1488 1651 1544 ,quoque
1695 1469 1769 1526 sit
1813 1470 1996 1538 Attici
2037 1471 2197 1529 boni-

403 1563 537 1622 tatis
574 1564 915 1640 exemplum,
959 1561 1110 1639 quod
1153 1582 1287 1621 cum
1329 1584 1418 1637 eo,
1465 1584 1633 1639 quem
1674 1583 1913 1640 puerum
1954 1564 2017 1622 in
2062 1566 2199 1626 ludo

406 1671 772 1736 cognoverat„
815 1658 958 1718 adeo
987 1659 1322 1736 ‘conjuncte
1376 1660 1534 1734 vixit,
1604 1672 1667 1718 ut
1737 1661 1807 1717 ad
1880 1672 2195 1719 extremam

297 1756 372 1814 15
408 1767 629 1813 aetatem
658 1755 910 1813 amicitia
944 1775 1140 1813 eorum
1182 1756 1439 1814 creverit.
1522 1755 1807 1813 Antonius
1849 1767 2038 1813 autem
2084 1759 2197 1816 etsi

407 1862 565 1923 tanto
589 1851 721 1909 odio
747 1851 1030 1910 ferebatur
1059 1851 1118 1909 in
1148 1850 1510 1925 Ciceronem,
1534 1863 1597 1909 ut
1622 1871 1738 1909 non
1765 1848 1947 1911 solum
1989 1852 2065 1926 ei,
2095 1855 2197 1911 sed
2281 1874 2287 1882 ·

405 1947 669 2007 omnibus
695 1947 868 2005 etiam
894 1947 1019 2023 ejus
1047 1947 1246 2005 amicis
1275 1959 1425 2005 esset
1453 1946 1738 2017 inimicus,
1766 1952 1991 2023 'eosque
2032 1949 2203 2008 vellet

406 2044 792 2119 proscribere3
861 2043 1053 2101 multis
1106 2043 1463 2102 hortantibus
1516 2054 1707 2103 tamen
1756 2043 1939 2101 Attici
1985 2063 2199 2120 memor

407 2138 513 2195 fuit
537 2138 728 2210 officii,
775 2149 832 2196 et
881 2139 955 2210 ei,
1010 2157 1185 2213 quum
1238 2138 1566 2213 requisisset
1608 2138 1839 2197 ubinam
1880 2151 2051 2214 esset,
2097 2140 2201 2201 sua

292 2234 370 2292 2⁰
406 2251 579 2293 manu
607 2232 850 2308 scripsit,
878 2252 945 2289 ne
993 2234 1226 2306 timeret,
1277 2234 1574 2309 statimque
1622 2234 1701 2292 ad
1750 2254 1804 2291 se
1845 2234 2059 2291 veniret
2080 2254 2101 2289 .-
2141 2252 2197 2292 se

406 2346 542 2399 ewa,
565 2335 618 2385 et
644 2317 798 2385 illius
828 2326 1002 2385 causti
1055 2327 1302 2386 Gellium
1347 2328 1584 2403 Canum,
1640 2329 1706 2387 de
1747 2330 2197 2405 proscriptor-uin

408 2443 627 2486 numero
654 2424 922 2482 exemisse.
1007 2425 1121 2498 Ac,
1150 2443 1224 2486 ne
1252 2426 1402 2500 quod
1432 2425 1490 2482 in
1540 2424 1855 2501 periculum
1896 2423 2193 2498 incideret,

406 2519 758 2596 quodrnoctu
797 2520 988 2593 fiebat,
1029 2518 1354 2598 praesidium
1387 2520 1440 2579 ei
1470 2520 1637 2578 misit.
1722 2519 1821 2577 Sic
1866 2520 2096 2578 Atticus
2136 2520 2196 2578 in

407 2636 626 2675 summo
652 2617 853 2696 timore
880 2635 996 2674 non
1025 2614 1207 2675 solum
1235 2616 1363 2689 sibi,
1393 2616 1491 2673 sed
1521 2614 1691 2673 etiam
1718 2614 1794 2688 ei,
1821 2628 1992 2690 quem
2028 2616 2197 2673 caris-

292 2712 369 2772 25
408 2712 612 2770 simum
639 2712 904 2785 habebat,
933 2711 1194 2788 praesidio
1216 2713 1336 2770 fuit.
1419 2711 1623 2787 Neque
1649 2699 1805 2796 enim
1853 2716 1969 2768 suae
2016 2708 2194 2772 solum

409 2828 441 2866 a
464 2827 744 2885 quoquam
784 2808 1055 2866 auxilium
1103 2808 1266 2884 petiit
1312 2808 1529 2881 salutm,
1559 2808 1665 2866 sed·
1704 2806 2086 2883 conjunctim;
2138 2819 2197 2865 ut

408 2917 718 2982 appareret,
746 2905 961 2963 nullam
989 2905 1307 2981 sejunctam
1351 2904 1463 2978 sibi
1488 2905 1561 2988 ab
1597 2923 1667 2961 eo
1706 2903 1850 2961 velle
1899 2905 2191 2962 fortunam.

406 3000 584 3062 Quod
612 3002 660 3060 si
687 3002 1029 3079 gubernator
1068 3001 1355 3080 praeciput‘i
1400 3001 1568 3058 laude
1610 3001 1804 3072 fertur,
1851 3000 1949 3075 qui
1997 3018 2194 3057 navem

407 3114 479 3153 ex
508 3097 693 3155 hieme
720 3098 971 3176 marique
1000 3100 1298 3174 scopuloso
1325 3108 1547 3166 servat3
1589 3116 1693 3155 cur
1736 3116 1851 3155 non
1895 3095 2195 3173 singularis
2236 3118 2247 3164 f

295 3193 372 3250 30
408 3190 532 3266 ejus
558 3190 906 3260 existimetur
933 3184 1254 3270 prudentia,
1282 3193 1380 3269 qui
1415 3212 1488 3250 ex
1530 3204 1614 3251 tot
1654 3204 1884 3267 tamque
1933 3191 2195 3269 gravibus

409 3286 670 3364 procellis
692 3289 954 3347 civilibus
982 3290 1052 3346 ad
1082 3288 1532 3352 incolumitatem
1559 3287 1861 3364 pervenit‘!

486 3381 594 3440 XI.
674 3382 915 3444 Quibus
934 3405 1005 3443 ex
1031 3384 1194 3442 malis
1233 3396 1308 3462 ut
1359 3402 1421 3440 se
1475 3394 1800 3454 emerserat,
1856 3381 2001 3439 nihil
2046 3380 2195 3439 aliud

412 3477 547 3555 egit,
600 3475 768 3554 quam
822 3491 885 3537 ut
934 3479 1210 3557 plurimiS,
1264 3478 1470 3554 quibus
1548 3478 1716 3536 rebus
1786 3489 1996 3554 posset,
2052 3486 2198 3535 esset
