2492 4207
973 284 1322 338 DATAMES.
2063 278 2142 335 59

262 451 333 508 ad
354 469 488 526 quos
509 447 866 520 transierant,
896 448 966 505 ab
1007 448 1206 524 hisque
1261 459 1429 520 stare,
1471 466 1608 524 quos
1648 449 2021 525 reliquerant:

256 540 459 620 quibus
505 562 679 619 quum
725 542 908 609 neutri
950 555 1270 619 parcerent,
1318 543 1574 601 celeriter
1620 557 1749 603 sunt
1784 544 2021 604 concisi.

256 639 532 716 Reliquos
585 638 802 696 Pisidas
856 638 1178 696 resistentes
1223 637 1494 696 Datames
1541 637 1783 698 invadit:
1843 638 2025 716 primo

254 735 469 812 impetu
509 733 685 810 pellit,
739 733 1018 810 fugientes
1069 732 1440 810 persequitur,
1490 734 1693 792 multos
1739 735 2023 806 interficit,

252 842 444 893 castra
471 829 713 889 hostium
739 828 905 906 capit.
988 828 1122 887 Tali
1148 828 1387 888 consilio
1414 848 1529 888 uno
1555 840 1803 906 tempore
1829 842 1886 888 et
1903 849 2027 908 pro—
2060 831 2103 888 5

253 924 465 983 ditores
489 923 747 1001 perculit,
777 936 834 982 et
860 925 1048 983 hostes
1081 924 1428 1001 profligavit;
1470 937 1547 998 et,
1596 925 1743 999 quod
1790 925 1857 982 ad
1904 945 2027 1002 per-

253 1019 464 1077 niciem
491 1020 672 1078 fuerat
698 1020 1026 1096 cogitatum,
1056 1018 1111 1076 id
1140 1021 1211 1077 ad
1239 1020 1477 1078 salutem
1518 1020 1810 1079 convertit.
1889 1020 2026 1083 Quo

256 1135 439 1191 neque
483 1116 704 1174 acutius
732 1116 901 1173 ullius
929 1116 1280 1192 imperatoris
1300 1116 1628 1192 cogitatum,
1657 1135 1842 1190 neque
1884 1116 2027 1173 cele-

253 1210 373 1269 rius
403 1212 617 1270 factum
646 1230 881 1287 usquam
910 1209 1166 1288 legimuS.

241 1324 248 1333 ·
331 1306 466 1363 VII.
547 1308 642 1365 Ab
671 1308 781 1366 hoc
802 1317 990 1364 tamen
1018 1306 1136 1366 viro
1165 1306 1415 1366 Scismas
1442 1307 1687 1365 maximo
1714 1318 1850 1365 natu
1873 1306 2023 1364 filius
2066 1306 2139 1364 10

249 1401 473 1475 desciit,
504 1403 575 1459 ad
604 1402 938 1477 Regemque
974 1402 1214 1475 transiit,
1264 1415 1322 1461 et
1367 1404 1438 1460 de
1486 1402 1807 1461 desectione
1846 1401 2024 1479 patris

249 1496 468 1555 detulit.
548 1496 687 1559 Quo
713 1497 911 1556 nuntio
939 1498 1285 1561 Artaxerxes
1311 1509 1644 1570 commotus,
1666 1497 1819 1573 quod
1863 1497 2025 1556 intel-

247 1592 461 1669 ligebat
488 1593 594 1650 sibi
623 1613 751 1650 cum
781 1593 896 1652 viro
925 1593 1050 1651 forti
1073 1612 1141 1651 ac
1169 1606 1401 1652 strenuo
1423 1593 1712 1670 negotium
1739 1611 1884 1665 esse,
1906 1593 2022 1668 qui,

245 1706 418 1762 quum
445 1688 769 1764 cogitasset,
792 1690 979 1746 facere
1009 1689 1262 1759 auderet,
1291 1699 1349 1745 et
1373 1686 1531 1765 prius
1558 1688 1828 1763 cogitare,
1853 1684 2022 1763 quam'

245 1783 459 1855 conari,
515 1783 866 1855 consuesset,
935 1783 1423 1858 Autophradatem
1471 1784 1529 1840 in
1602 1782 2023 1860 Cappadociam
2069 1784 2138 1841 15

147 1866 150 1869 Α
242 1878 433 1936 mittit.
515 1877 632 1935 Hic
655 1897 727 1934 ne
756 1878 965 1935 intrare
991 1889 1179 1954 posset
1206 1878 1431 1949 saltum,
1455 1878 1515 1933 in
1535 1896 1646 1952 quo
1668 1877 1886 1934 Ciliciae
1902 1898 2025 1953 por-

243 1985 318 2030 tae
366 1983 498 2029 sunt
544 1972 684 2043 sitae,
711 1971 986 2029 Datames
1030 1988 1428 2048 praeoccupare
1455 1972 1685 2030 studuit.
1769 1973 1884 2029 Sed
1912 1985 2025 2031 tam

243 2066 433 2127 subito
463 2066 655 2145 copias
682 2068 1014 2127 contrahere
1041 2086 1155 2126 non
1184 2066 1392 2145 potuit:
1435 2086 1469 2125 a
1493 2067 1605 2144 qua
1640 2085 1701 2126 re
1737 2067 2021 2146 depulsus,

242 2182 377 2221 cum
403 2162 473 2221 ea
500 2173 690 2235 manu,
720 2181 889 2238 quam
916 2174 1294 2236 contraxerat,
1336 2163 1523 2222 locum
1572 2164 1782 2240 delegit
1828 2165 2019 2237 talem,

243 2271 307 2317 ut
332 2279 515 2335 neque
542 2259 934 2317 circumiretur
963 2259 1034 2316 ab
1062 2259 1337 2332 hostibus,
1361 2278 1544 2335 neque
1585 2261 1895 2336 praeteriret
1924 2261 2018 2319 ad·
2056 2261 2136 2319 2⁰

243 2355 543 2426 versarius,
572 2355 707 2430 quin
739 2354 1079 2431 ancipitibus
1106 2354 1249 2412 locis
1274 2367 1639 2430 premeretur,
1667 2367 1744 2426 et,
1773 2355 1820 2412 si
1856 2355 2017 2412 dimi-

243 2470 373 2508 care
402 2469 532 2509 cum
559 2470 628 2509 eo
651 2451 835 2524 vellet,
863 2470 978 2508 non
1007 2448 1244 2507 multum
1273 2449 1472 2507 obesse
1514 2449 1813 2508 multitudo
1851 2450 2017 2508 hosti-

243 2566 339 2604 um
369 2565 483 2617 suae
510 2546 784 2623 paucitati
810 2558 1017 2631 posset.

320 2640 490 2699 VIII.
573 2642 716 2699 Haec
743 2642 849 2700 etsi
872 2643 1329 2717 Autophradates
1346 2642 1801 2714 videbat‚.tamen
1826 2642 2019 2701 statuit

241 2736 536 2812 congredi,
563 2736 730 2811 quam
759 2756 890 2794 cum
917 2737 1088 2796 tantis
1115 2738 1294 2813 copiis
1321 2740 1596 2815 refugere,
1628 2751 1723 2797 aut
1758 2751 1873 2797 tam
1917 2738 2014 2796 diu
2052 2738 2130 2797 25

242 2852 361 2894 uno
387 2832 512 2889 loco
538 2833 747 2890 sedere.
831 2832 1097 2891 Habebat
1124 2832 1499 2893 Barbarorum
1522 2833 1771 2909 equitum
1795 2832 2014 2910 viginti,

240 2928 496 3006 peditum
550 2940 776 2986 centum
823 2928 1017 3002 millia,
1066 2948 1204 3003 quos
1241 2929 1322 2986 illi
1369 2928 1662 2986 Cardacas
1712 2928 2014 3004 appellant,

240 3025 610 3101 ejusdemque
636 3024 858 3099 generis
879 3024 987 3082 tria
1008 3015 1387 3082 funditorum:
1428 3036 1701 3101 praeterea
1723 3015 2016 3100 Cappado-

243 3139 375 3178 cum
400 3132 549 3191 oct0,
581 3119 978 3177 Armeniorum
1006 3121 1226 3191 decem,
1275 3120 1701 3197 Paphlagonum
1747 3121 2012 3198 quinque,

241 3214 528 3291 Phrygum
565 3214 788 3285 decem,
836 3213 1120 3290 Lydorum
1172 3215 1439 3291 quinque,
1494 3217 1911 3292 Aspendiorum
1958 3231 2015 3275 et
2052 3219 2129 3276 30

240 3310 557 3368 Pisidarum
586 3308 815 3368 circiter
841 3308 967 3381 tria,
996 3310 1241 3368 Cilicum
1270 3311 1401 3383 duo,
1440 3310 1844 3387 Captianorum
1891 3313 2014 3372 toti-

241 3407 390 3480 dem,
418 3425 490 3464 ex
516 3405 741 3463 Graecia
775 3405 1181 3464 conductorum
1207 3406 1315 3465 tria
1342 3405 1518 3464 millia
1542 3426 1553 3462 :
1597 3407 1734 3466 levis
1776 3421 2013 3466 armatu-

240 3520 315 3559 rae
366 3501 673 3560 maxImum
720 3519 1035 3559 numerum.
1143 3500 1267 3560 Has
1327 3499 1595 3560 adversus
1646 3502 1834 3579 copias
1887 3519 2015 3577 spes
