2492 4207
342 215 419 278 4⁰
1218 223 1463 272 conon.

2080 338 2102 359 -.

461 387 644 458 vellet,
674 385 884 461 eligere
913 385 984 442 ad
1011 373 1454 461 dispensandam
1486 382 1806 459 pecuniam.
1890 381 1970 439 Id
2009 381 2246 465 arbitri-

459 501 566 553 um,
596 480 799 539 Conon
827 480 1075 556 negavit,
1104 482 1194 536 sui
1221 500 1333 538 esse
1362 481 1601 551 consilii,
1630 478 1729 535 sed
1760 478 1960 553 ἱρείας,
2007 479 2110 554 qui
2152 498 2248 555 op-

458 573 589 632 tim&
617 595 742 633 suos
770 577 927 633 nosse
955 575 1206 640 debent,-
1248 575 1348 632 sed
1369 595 1425 633 se
1470 574 1720 646 suadere,
1749 573 2146 632 Pharnabazo
2185 575 2253 632 id

459 672 673 745 negotii
726 671 904 729 daret.
1008 671 1165 728 Hinc
1217 670 1441 747 magnis
1492 669 1824 727 muneribus
1877 670 2124 727 donatus
2175 671 2245 726 ad

382 768 422 823 5
461 785 615 824 mare
643 779 729 824 est
756 767 982 839 missuS,
1010 778 1072 824 ut
1114 765 1341 842 Cypriis
1382 778 1440 824 et
1487 765 1875 837 Phoenicibus,
1913 765 2245 840 caeterisque

459 861 755 920 maritimis
782 861 1101 919 civitatibus
1121 880 1297 918 naves
1317 861 1518 937 longas
1534 861 1855 936 imperaret,
1873 860 2243 935 classemque,

459 957 572 1032 quii
625 957 881 1033 proxima
933 966 1126 1014 aestate
1180 975 1336 1013 mare
1383 955 1529 1015 tueri
1595 967 1804 1033 posset,
1859 968 2244 1031 compararet:

461 1053 593 1111 dato
622 1054 875 1129 adjutore
922 1051 1321 1125 Pharnabazo,
1365 1051 1513 1109 sicut
1559 1051 1678 1127 ipse
1726 1052 1994 1108 voluerat.
2052 1049 2144 1107 ‚Id
2184 1064 2248 1108 ut

461 1146 914 1215 Lacedaemoniis
940 1159 1026 1205 est
1052 1146 1397 1219 nuntiatum,
1428 1166 1543 1204 non
1573 1145 1696 1203 sine
1718 1145 1858 1227 cura
1880 1164 2002 1202 rem
2032 1144 2247 1202 admin·
2314 1217 2321 1227 ,

350 1242 422 1299 10
453 1240 751 1314 istratum,
774 1240 926 1315 quod
969 1242 1153 1317 majus
1200 1241 1412 1298 bellum
1457 1240 1753 1297 imminere
1803 1239 2243 1312 arbitrabantur,

461 1334 631 1412 quam
658 1335 705 1393 si
733 1355 865 1392 cum
884 1335 1132 1393 Barbaro
1150 1334 1332 1394 solum
1355 1336 1783 1393 contenderent.
1865 1334 2018 1391 Nam
2040 1336 2245 1392 ducem

460 1431 660 1488 fortem
713 1441 771 1488 et
821 1432 1157 1506 prudentem
1211 1430 1418 1506 Regiis
1468 1429 1672 1505 opibus
1738 1430 2130 1506 praefuturum,
2176 1449 2246 1488 ac

460 1545 656 1583 secum
702 1526 1103 1585 dimicaturum
1154 1527 1444 1597 videbant,
1512 1545 1682 1600 quem
1756 1546 1940 1602 neque
2009 1526 2246 1584 consilio

361 1620 365 1625 ’
459 1641 646 1697 neque
691 1622 869 1698 copiis
917 1641 1183 1697 superare
1223 1632 1472 1697 possent.
1575 1621 1708 1678 Hac
1755 1633 1944 1678 mente
1980 1640 2248 1696 magnam

349 1718 420 1775 15
460 1718 805 1775 contrahunt.
878 1716 1118 1773 classem
1161 1738 1174 1786 3
1241 1715 1679 1792 proficiscuntur
1747 1717 2020 1774 Pisandro
2076 1717 2246 1774 duce.

463 1813 587 1871 Hos
614 1812 817 1870 Conon
847 1813 995 1888 apud
1019 1811 1271 1868 Cnidum
1300 1812 1529 1871 adortus
1578 1830 1786 1888 magno
1825 1810 2023 1887 proelio
2066 1811 2245 1888 fligat,

460 1908 665 1965 multas
691 1926 865 1964 naves
892 1905 1063 1981 capit,
1107 1907 1427 1982 complures
1467 1906 1749 1981 deprimit.
1828 1906 1969 1968 Qua
2012 1906 2248 1966 victoria

463 2023 578 2061 non
606 2001 789 2061 solum
818 2003 1084 2073 Athenae,
1115 2001 1215 2058 sed
1242 2001 1417 2058 etiam
1444 2013 1656 2058 cuncta
1691 2001 1935 2072 Graecia‚
1975 2020 2100 2076 quae
2143 2003 2247 2059 sub

463 2096 1026 2153 Lacedaemoniorum
1077 2096 1262 2153 fuerat
1302 2094 1558 2170 imperio,
1580 2096 1816 2176 liberata
1852 2108 1956 2152 est.
2041 2097 2246 2158 Conon

346 2192 425 2249 20
465 2209 596 2247 cum
643 2202 802 2264 parte
845 2188 1073 2245 navium
1123 2190 1180 2246 in
1229 2190 1471 2265 patriam
1513 2191 1699 2249 venit:
1741 2209 1930 2248 muros
1966 2191 2188 2251 dirutos
2215 2213 2254 2252 a*

464 2283 780 2360 Lysandr0,
809 2294 1073 2358 utrosque
1100 2295 1158 2341 et
1185 2284 1353 2341 Piraei
1381 2297 1440 2345 et
1481 2286 1859 2356 Athenarum,
1903 2285 2246 2346 reficiendos

463 2390 645 2451 curat,
672 2378 1044 2455 pecuniaeque
1071 2378 1485 2457 quinquaginta
1524 2382 1902 2456 talentazquae
1931 2400 1965 2438 a
1990 2380 2244 2440 Pharna-

463 2477 610 2535 bazo
637 2485 957 2550 acceperat,
986 2475 1205 2531 civibus
1233 2476 1351 2532 suis
1379 2477 1567 2534 donat.
2136 2491 2140 2494 *

539 2573 611 2628 V.
696 2570 929 2628 Accidit
957 2570 1111 2642 huic',
1149 2572 1297 2646 quod
1337 2570 1558 2629 caeteris
1584 2571 1935 2645 mortalibuS‚
1964 2584 2027 2631 ut
2053 2572 2247 2635 incon-

345 2666 423 2722 25
463 2666 756 2723 sideratior
800 2664 858 2720 in
902 2665 1176 2738 secunda,
1225 2664 1395 2739 quam
1444 2666 1502 2723 in
1551 2666 1788 2724 adversa
1828 2679 1978 2726 esset
2004 2668 2243 2727 fortuna.

461 2762 611 2832 Nam
643 2761 822 2819 classe
870 2759 1408 2835 Peloponnesiorum
1451 2760 1694 2834 devicta,
1738 2780 1911 2836 quum
1959 2762 2143 2821 ultum
2187 2782 2247 2820 se

464 2857 697 2934 injurias
723 2855 922 2932 patriae
949 2867 1191 2930 putaret,
1219 2856 1384 2931 plura
1419 2855 1762 2932 concupivit,
1809 2855 1979 2932 quam
2022 2858 2246 2915 efficere

463 2953 657 3027 potuit.
741 2951 945 3025 Neque
973 2962 1164 3008 tamen
1192 2970 1264 3008 ea
1283 2970 1398 3010 non
1449 2952 1545 3027 pia
1564 2964 1621 3009 et
1663 2953 1955 3028 probanda
1998 2954 2246 3025 fuerunt,

463 3045 613 3120 quod
653 3045 841 3123 potius
881 3044 1077 3122 patriae
1116 3066 1254 3122 opes
1303 3046 1518 3123 augeri,
1558 3046 1728 3121 quam
1771 3047 1977 3124 Regis,
2023 3047 2245 3106 maluit.

347 3142 424 3199 30
463 3140 617 3197 Nam
643 3162 817 3217 quum
839 3158 1106 3217 magnam
1134 3142 1528 3200 auctoritatem
1557 3143 1666 3199 sibi
1692 3144 1889 3222 pugna
1915 3144 2019 3200 sua
2039 3143 2246 3216 navali,

464 3255 632 3312 quam
687 3239 836 3313 apud
889 3237 1141 3296 Cnidum
1194 3238 1428 3310 fecerat,
1468 3238 1874 3310 constituisset,
1918 3258 2034 3297 non
2063 3236 2247 3297 solum

465 3334 611 3392 inter
639 3333 917 3391 Barbaros
944 3334 1045 3391 sed
1072 3332 1244 3390 etiam
1273 3333 1419 3391 inter
1446 3319 1649 3391 omnes·
1692 3334 1931 3392 Graeciae
1965 3335 2243 3405 civitates,

464 3430 613 3488 clam
639 3430 774 3486 dare
801 3447 1029 3504 operam
1056 3428 1245 3504 coepit‚
1270 3440 1332 3486 ut
1359 3428 1581 3485 Ioniam
1609 3442 1667 3487 et
1693 3430 1946 3487 AEoliam
1992 3431 2247 3490 restitue·
