2492 4207
265 231 306 288 2
1011 248 1020 257 ·
1037 239 1380 317 fannon.

381 398 488 458 fuit
513 397 1100 479 turpitudinis—*Quin
1126 399 1321 459 omnia
1358 399 1508 475 apud
1548 417 1654 456 nos
1682 398 1887 475 partim
1915 393 2174 474 infamia,

379 493 584 570 partim
638 492 877 571 humilia
929 505 1095 569 atque
1137 493 1209 551 ab
1249 494 1548 551 honestate
1579 501 1824 573 remota,
1863 505 2170 570 ponuntur.

379 587 678 645 —Contra
732 605 821 660 ea,
873 587 1139 664 pleraque
1192 586 1402 645 nostris
1452 580 1706 663 moribus
1757 599 1892 646 sunt
1942 588 2173 661 deeora,

379 699 505 755 quae
533 681 683 756 apud
710 680 835 739 illos
862 679 1050 757 turpia
1083 691 1371 756 putantur.
1451 672 1647 741 Quem
1688 679 1843 737 enim
1883 679 2179 740 Romano-

300 775 343 832 5
381 793 507 832 rum
541 775 740 851 pudet,
782 793 1016 833 uxorem
1059 774 1272 831 ducere
1310 772 1391 830 ·in
1435 773 1803 832 eonviviumi
1870 785 1971 833 aut
2010 774 2175 851 eujus

381 867 827 947 Qaterefamilias
864 886 980 926 non
1021 866 1268 943 primum
1306 867 1497 929 locum
1536 878 1696 926 tenet
1737 868 1966 942 tedium,
2009 879 2176 946 atque

382 960 443 1019 in
483 961 811 1047 qelebritate
839 962 1137 1019 versatur!
1213 960 1395 1022 Quod
1434 960 1614 1020 multo
1651 961 1716 1020 fit
1744 960 1905 1021 aliter
1933 961 1994 1020 h
2020 964 2177 1021 Grae-

380 1042 514 1115 eia.
572 1055 727 1114 Nam
767 1074 954 1131 neque
993 1055 1052 1112 in
1094 1054 1423 1117 convivium
1459 1054 1781 1129 adhibetur,
1808 1055 1923 1113 nisi
1951 1057 2177 1134 propin·

379 1169 651 1225 quorum3
706 1168 892 1224 neque
944 1149 1125 1232 sedet,
1165 1148 1279 1206 nisi
1328 1149 1392 1206 'm
1435 1148 1704 1223 interiore
1741 1160 1904 1226 parte
1946 1136 2173 1224 aeilium,

271 1244 344 1301 10
380 1262 505 1319 quae
545 1243 922 1320 gynaeoonitis
976 1236 1323 1319 appellatum
1383 1240 1497 1318 quo
1551 1254 1722 1302 nemo
1778 1243 2022 1317 accedit,
2062 1245 2176 1304 nisi

378 1336 695 1414 propinqua
714 1335 1057 1413 cognatione
1088 1335 1650 1412 conjunctuS.—Sed
1677 1334 1776 1394 hio
1799 1337 1967 1413 plura
1991 1356 2209 1414 perse-.

380 1429 478 1506 qui
519 1439 640 1487 tum
681 1429 1017 1506 magnitudo
1043 1428 1348 1488 voluminis
1385 1429 1667 1506 prohibet,
1708 1441 1830 1489 tum
1872 1420 2180 1506 festinatio,

283 1578 286 1583 ,
381 1535 447 1583 ut
472 1541 543 1581 ea
563 1523 866 1600 explicem,
882 1542 1008 1599 quae
1031 1542 1268 1582 exorsus
1287 1541 1432 1582 sum.
1514 1522 1719 1587 Quare
1743 1525 1814 1582 ad
1832 1523 2182 1602 propositum

380 1616 695 1690 veniemus,
716 1627 776 1675 et
803 1616 863 1675 in
890 1618 1001 1676 hoo
1026 1636 1379 1696 exponemus
1402 1615 1549 1678 libro
1575 1618 1649 1676 de
1668 1617 1787 1679 vita
1811 1619 2184 1678 excellentium

271 1710 346 1769 15
383 1711 809 1788 Imperatorum.
