2492 4207
1059 236 1249 285 DION.
1643 314 1654 321 ‘
2082 231 2154 289 41

257 410 342 457 ret
368 396 838 457 Atheniensibus,
919 395 990 455 Id
1016 415 1191 472 quum
1218 394 1410 455 minus
1434 397 1738 483 diligenter
1763 411 1915 458 esset
1950 418 2041 458 ce-

256 495 451 567 latum,
480 479 814 565 Tiribazus,
841 491 937 566 qui
980 491 1260 550 Sardibus
1298 504 1553 569 praeerat,
1588 494 1886 555 Cononem
1912 515 2041 555 evo-

255 589 749 664 cavit„simulans,
779 589 849 645 ad
878 588 1105 666 Regem
1131 609 1265 647 eum
1292 609 1354 647 se
1381 590 1602 651 mittere
1647 594 1788 651 velle
1831 592 2042 670 magna

256 687 326 744 de
353 705 434 744 re.
519 685 709 762 Hujus
735 684 938 744 nuntio
963 704 1168 762 parens
1194 705 1369 761 quum
1412 687 1677 761 venisset,
1704 689 1765 746 in
1810 689 2042 747 vincula

255 782 555 858 conjectus
606 792 711 855 est,
764 781 824 839 in
876 780 1082 857 quibus
1136 782 1464 858 aliquandiu
1519 782 1641 841 fuit.
1739 782 2038 857 Nonnulli,
2077 780 2116 835 5

255 896 391 936 eum
414 877 485 935 ad
511 877 737 955 Regem
766 878 1095 952 abductum,
1122 879 1312 955 ibique
1337 877 1574 956 perisse,
1603 878 1876 956 scriptum
1915 879 2042 938 reli-

255 987 513 1047 querunt.
596 973 811 1032 Contra
835 993 907 1032 ea
932 974 1136 1032 Dinon
1156 974 1480 1049 historicus,
1499 968 1594 1033 ciii
1615 994 1721 1033 nos
1737 973 2040 1051 plurimum

254 1067 327 1124 de
379 1067 623 1126 Persicis
675 1069 847 1127 rebus
899 1070 1204 1144 credimus,
1260 1071 1548 1147 effugisse,
1596 1070 1861 1147 scripsit:
1904 1069 2043 1127 illud

255 1162 568 1238 addubitat,
607 1163 801 1224 utrum
837 1164 1117 1225 Tiribazo
1169 1165 1389 1224 sciente
1444 1183 1515 1223 an
1570 1167 1928 1245 imprudente
1969 1164 2042 1223 sit

257 1258 485 1318 sactum.
1321 1282 1326 1287 ·
1391 1312 1396 1313 ff
1809 1302 1812 1305 1
2083 1261 2154 1317 1⁰

904 1574 980 1632 Χ.
1064 1572 1367 1632 ΒΙΟΝ.

326 1733 374 1791 Ι.
446 1733 628 1805 Dion,
653 1730 1169 1808 IIipparinifiliuS,
1192 1731 1615 1806 Syracusanus,
1634 1731 1811 1790 nobili
1826 1751 2057 1808 genere·

251 1845 437 1900 natus,
516 1827 755 1900 utraque
834 1826 1158 1899 implicatus
1236 1827 1536 1899 tyrannide
1615 1826 2034 1912 Dionysiorum.

155 1972 162 1979 .
250 1923 517 1996 Namque
561 1920 656 1976 ille
693 1917 946 1993 superior
1007 1917 1471 1991 Aristomachen,
1519 1938 1766 1977 sororem
1813 1919 2037 1992 DioniS,

251 2016 453 2075 habuit
479 2015 541 2071 in
567 2011 957 2072 matrimonio:
999 2031 1071 2071 ex
1107 2014 1221 2089 qua
1262 2013 1404 2071 duos
1450 2013 1615 2087 filios,
1659 2014 2039 2091 Hipparinum

250 2125 309 2172 et
336 2111 395 2169 N
396 2130 629 2187 ysaeum,
656 2109 1003 2187 procreavit:
1060 2109 1409 2185 totidemque
1457 2110 1619 2184 filias,
1663 2111 1892 2170 nomine
1936 2112 2038 2171 So·
2080 2114 2153 2170 15

250 2210 574 2285 phrosynen
612 2219 671 2265 et
712 2207 962 2264 Areten:
1003 2226 1242 2282 quarum
1291 2206 1535 2282 priorem
1580 2207 1872 2283 Dionysio,
1898 2208 2033 2281 filio,

250 2306 437 2376 eidem
484 2304 581 2363 cui
634 2322 874 2379 regnum
926 2303 1168 2378 reliquit,
1238 2316 1478 2379 nuptum
1547 2304 1724 2378 dedit,
1781 2305 2034 2379 alteram,

250 2402 495 2474 Areten,
519 2400 711 2457 Dioni.
795 2398 949 2457 Dion
977 2410 1168 2458 autem
1195 2411 1397 2474 praeter
1430 2399 1679 2457 nobilem
1714 2401 2037 2476 propinqui-

250 2509 443 2569 tatem,
493 2514 939 2573 generosamque
986 2495 1265 2570 majorum
1312 2496 1541 2565 famam,
1591 2495 1769 2552 multa
1812 2496 1924 2551 alia
1966 2495 2037 2551 ab

248 2592 454 2651 natura
505 2592 706 2649 habuit
752 2591 934 2649 bona:
996 2590 1057 2647 in
1108 2590 1199 2647 his
1251 2590 1545 2666 ingenium
1600 2590 1804 2661 docile,
1854 2609 2034 2664 come,
2073 2590 2150 2649 20

251 2699 444 2764 aptum
471 2687 543 2744 ad
573 2699 720 2745 artes
759 2686 1032 2764 optimas;
1074 2705 1342 2763 magnam
1391 2686 1641 2762 corporis
1677 2685 2035 2763 dignitatem,

248 2802 373 2859 quae
402 2803 517 2841 non
546 2780 843 2841 minimum
872 2785 1233 2842 commendat
1256 2805 1270 2853 3
1313 2803 1551 2860 magnas
1580 2795 1854 2860 praeterea
1898 2783 2037 2839 divi-

247 2879 356 2937 tias
386 2897 421 2935 a
439 2889 596 2954 patre
616 2879 862 2952 relictas,
885 2899 1025 2955 quas
1046 2880 1165 2955 ipse
1182 2880 1411 2955 tyranni
1433 2879 1762 2936 muneribus
1784 2890 2031 2936 auxerat.

250 2974 390 3032 Erat
417 2959 650 3032 intimus
676 2975 952 3052 Dionysio
972 2976 1164 3052 priori,
1182 2996 1366 3052 neque
1384 2974 1574 3033 minus
1590 2987 1813 3051 propter
1831 2993 2031 3047 mores,

250 3068 417 3144 quam
447 3069 795 3128 affinitatem.
877 3071 1142 3148 Namque
1170 3071 1584 3147 etsi-Dionysii
1631 3069 1937 3128 crudelitas
1979 3069 2034 3127 ei
2071 3070 2151 3128 25

252 3166 607 3242 displicebat,
637 3179 827 3225 tamen
857 3169 1073 3226 salvum
1099 3187 1224 3226 esse
1261 3180 1485 3243 propter
1528 3166 2032 3237 necessitudinem,

251 3262 432 3338 magis
459 3264 630 3320 etiam
659 3283 890 3322 suorum
916 3265 1110 3337 causa,
1134 3264 1414 3322 studebat.
1452 3319 1456 3323 ,
1499 3263 1715 3318 Aderat
1729 3261 2033 3339 intmagnis

252 3358 451 3428 rebus;
508 3359 742 3434 ejusque
798 3360 1034 3419 consilio
1081 3357 1324 3418 multum
1371 3358 1695 3416 movebatur
1739 3369 2030 3434 tyrannm,

255 3451 364 3510 nisi
389 3453 500 3528 quii
522 3454 581 3511 in
609 3475 670 3512 re
698 3455 875 3531 major
904 3456 1078 3532 ipsius
1120 3456 1404 3532 cupiditas
1437 3452 1844 3511 intercesserat.
1928 3453 2032 3508 Le-

639 3552 677 3608 4
704 3551 739 3585 ὓ
