2492 4207
338 56 584 199 ssia
624 158 642 183 ,

903 266 1466 316 THEMISTOCLES.
2124 258 2198 315 13

291 449 468 507 quum
495 428 632 488 satis
688 429 924 489 altitudo
951 429 1099 487 muri
1147 442 1407 487 extructa
1451 428 1753 502 videretur,
1791 429 2077 506 precepit.

206 547 209 550 ⁴
288 525 533 585 Interim
559 544 776 598 omneS,
805 526 952 583 servi
982 538 1148 600 atque
1174 524 1360 597 liberi,
1389 544 1530 601 opus
1575 527 1849 598 facerent,
1895 544 2082 602 neque

287 622 392 680 ulli
419 622 548 680 loco
573 634 892 698 parcerent,
922 620 1039 679 sive
1064 639 1223 679 sacer
1279 632 1430 678 esset
1471 620 1587 677 sive
1628 622 1914 696 profanus,
1962 620 2082 679 sive

285 719 562 795 privatus
584 717 701 775 'sive
741 717 1028 794 publicus,
1066 729 1124 775 et
1175 716 1449 792 undique,
1497 716 1646 791 quod
1696 716 1966 775 idoneum
2010 716 2082 775 ad

288 814 667 874 muniendum
718 826 1003 890 putarent,
1059 824 1452 890 congererent.
1533 810 1673 873 Quo
1720 812 1930 891 sactum
1972 824 2079 885 est,
2119 813 2161 870 5

290 922 358 969 ut
410 910 851 968 Atheniensium
906 909 1054 967 muri
1107 930 1177 968 ex
1231 908 1457 969 sacellis
1510 906 1898 984 sepulcrisque
1948 927 2083 967 con·

290 1017 521 1064 starent.

366 1100 504 1159 VII.
587 1102 1012 1160 Themistocles
1042 1113 1253 1176 autem,
1282 1114 1344 1160 ut
1386 1102 1862 1161 Lacedaemonem
1909 1100 2082 1173 venit,

288 1196 446 1254 adire
477 1198 547 1254 ad
575 1198 944 1274 magistratus
980 1197 1181 1272 noluit,
1220 1210 1279 1256 et
1323 1198 1481 1256 dedit
1526 1216 1758 1274 operam
1803 1207 1868 1255 ut
1912 1195 2083 1272 quarn
2160 1236 2173 1252 .

285 1291 619 1368 longissime
675 1304 900 1368 tempus
953 1294 1206 1367 duceret,
1284 1284 1517 1351 causam
1577 1293 1965 1369 interponens,
2021 1311 2083 1350 se
2126 1294 2198 1350 10

288 1388 539 1464 collegas
567 1399 884 1463 expectare.
965 1388 1167 1451 Quum
1218 1388 1644 1447 Lacedaemonii
1691 1401 2082 1465 quererentur,

284 1503 431 1561 opus
459 1483 828 1542 nihilominus
854 1484 995 1557 fieri,
1023 1504 1272 1560 eumque
1301 1484 1361 1542 in
1389 1486 1460 1542 ea
1501 1504 1562 1544 re
1606 1485 1802 1543 conari
1847 1485 2041 1542 fallere
2064 1505 2078 1554 ;

284 1579 517 1637 interim
554 1580 755 1655 reliqui
800 1581 974 1658 legati
1015 1593 1150 1640 sunt
1193 1580 1509 1639 consecuti.
1591 1582 1646 1639 A
1674 1581 1879 1656 quibus
1904 1600 2080 1657 quum

286 1673 558 1748 audisset,
587 1695 703 1734 non
730 1677 973 1735 multum
996 1696 1293 1753 superesse
1322 1676 1676 1749 munitioniS,
1717 1677 1788 1734 ad
1826 1676 2085 1753 Ephoros

285 1770 852 1830 Lacedaemoniorum
883 1772 1149 1845 accessit,
1174 1792 1355 1849 penes
1396 1793 1539 1849 quos
1586 1791 1871 1830 summum
1910 1773 2085 1849 impe·
2128 1773 2200 1829 15

282 1865 432 1923 rium
480 1878 640 1935 erat3
686 1877 856 1941 atque
912 1867 1062 1940 apud
1116 1885 1214 1923 eos
1270 1867 1584 1939 contendit,
1634 1868 1774 1924 falsa
1820 1867 1907 1924 his
1959 1886 2084 1924 esse

282 1961 512 2030 delata3
556 1978 733 2037 quare
761 1978 989 2037 aequum
1016 1979 1162 2033 esse,
1193 1959 1319 2019 illos
1347 1951 1494 2019 viros
1536 1961 1714 2019 bonos
1755 1961 2086 2038 nobilesque

280 2055 530 2130 mittere,
559 2055 768 2134 quibus
814 2056 956 2114 fides
1003 2056 1327 2130 haberetur,
1376 2055 1476 2134 qui
1521 2076 1643 2115 rem
1689 2058 2081 2134 explorarent3

282 2154 503 2211 interea
518 2171 579 2210 se
595 2152 854 2210 obsidem
875 2152 1204 2212 retinerent.
1288 2153 1500 2211 Gestus
1516 2166 1603 2212 est
1624 2154 1677 2212 ei
1692 2174 1832 2226 mos,
1852 2167 2079 2231 tresque

278 2251 474 2326 legati,
525 2249 708 2308 functi
745 2248 983 2307 summis
1025 2249 1358 2321 honoribus,
1406 2250 1671 2308 Athenas
1717 2250 1877 2307 missi
1929 2262 2077 2308 sunt.
2104 2250 2193 2305 20

283 2345 433 2403 Cum
460 2345 549 2403 his
580 2346 830 2421 collegas
858 2364 990 2403 suos
1013 2345 1183 2421 jussit
1208 2344 1514 2423 proficisci,
1553 2345 1752 2423 eisque
1798 2345 2080 2421 praedixit,

281 2453 346 2499 ut
372 2460 445 2498 ne
470 2439 630 2517 prius
651 2440 1221 2498 Lacedaemoniorum
1270 2441 1489 2520 legatos
1511 2438 1887 2514 dimitterent,
1909 2438 2080 2514 quam

273 2536 402 2611 ,ipse
424 2548 575 2594 esset
601 2535 887 2594 remissus.
973 2535 1098 2594 Hos
1123 2547 1423 2611 postquam
1453 2534 1715 2591 Athenas
1755 2533 2080 2610 pervenisse

280 2642 440 2688 ratus
466 2643 573 2702 est,
604 2631 673 2687 ad
702 2631 1098 2706 magistratum
1121 2641 1494 2705 senatumque
1513 2629 2080 2689 Lacedaemoniorum

284 2724 446 2796 adiit,
474 2737 532 2781 et
560 2726 708 2800 apud
735 2745 832 2783 eos
859 2724 1147 2783 liberrime
1173 2727 1460 2802 professus
1487 2738 1574 2784 est
1598 2747 1610 2783 ε
1655 2731 1669 2756 ‘
1691 2727 2079 2785 Athenienses
2116 2728 2193 2784 25

281 2840 389 2879 suo
417 2820 673 2894 consilio,
701 2823 850 2897 quod
873 2822 1164 2880 communi
1182 2823 1310 2899 jure
1331 2822 1591 2899 gentium
1614 2823 1802 2881 facere
1823 2834 2075 2898 possent,

280 2917 441 2976 Deos
465 2917 724 2994 publicos
751 2938 994 2995 suosque
1022 2919 1234 2995 patrios
1276 2938 1345 2976 ac
1385 2931 1641 2995 penateS,
1689 2917 1801 2993 quo
1851 2915 2077 2976 facilius

284 3016 355 3072 ab
383 3016 546 3073 hoste
573 3028 803 3090 possent
843 3016 1173 3088 defendere,
1219 3015 1397 3073 muris
1444 3015 1706 3091 sepsisse,
1755 3032 1938 3089 neque
1985 3034 2074 3088 e0,

282 3112 431 3186 quod
461 3110 665 3169 inutile
689 3123 839 3169 esset
864 3112 1124 3184 Graeciae,
1151 3111 1373 3169 fecisse.
1457 3111 1610 3168 Nam
1631 3111 1852 3167 illorum
1876 3112 2074 3169 urbem

283 3219 345 3265 ut
371 3207 863 3283 propugnaculum
890 3208 1206 3284 oppositum
1236 3226 1361 3264 esse
1388 3206 1673 3277 BarbariS,
1704 3208 1852 3282 apud
1901 3227 2071 3282 quam
2113 3208 2190 3266 30³

276 3296 397 3381 jam
425 3303 513 3360 bis
540 3304 752 3362 classes
781 3302 1000 3379 Regias
1028 3303 1232 3362 secisse
1252 3303 1629 3379 naufragium.
1712 3302 2075 3360 Lacedaemo-

282 3398 409 3458 nios
439 3411 628 3458 autem
650 3397 797 3457 male
828 3409 886 3456 et
914 3397 1122 3474 injuste
1154 3401 1364 3471 facere,
1382 3396 1478 3473 qui
1503 3397 1559 3453 id
1581 3396 1768 3474 potius
1786 3398 2073 3456 intueren-
2146 3449 2156 3476 Ἰ

282 3507 393 3568 tur,
442 3497 592 3571 quod
621 3496 870 3572 ipsorum
925 3495 1318 3567 dominationi,
1373 3492 1543 3568 quam
1596 3494 1745 3568 quod
1791 3494 2069 3552 universae

678 3592 717 3648 2
