2492 4207
942 228 946 232 ’
1050 235 1373 288 ΡΗΟΟῙΟΝ.
2134 229 2212 287 89

314 404 460 455 sunt
476 394 700 473 futuri,
749 395 875 454 nolo
915 396 1047 454 meis
1081 396 1353 473 impensis
1403 395 1623 455 illorum
1662 398 1745 455 ali
1790 398 2096 475 magnique

314 491 610 549 luxuriam.

391 586 474 644 11.
557 586 720 643 Idem
744 604 916 661 quum
940 604 1115 661 prope
1143 585 1214 643 ad
1244 603 1459 643 annum
1496 586 1903 662 octogesimum
1940 607 2095 664 pros-

310 682 452 759 pera
478 680 828 758 pervenisset
854 681 1099 755 fortuna,
1127 681 1396 740 extremis
1435 682 1783 758 temporibus
1826 701 2098 762 maguum

312 776 376 835 in
422 776 616 836 odium
659 776 915 853 pervenit
966 793 1195 835 suorum
1239 776 1468 839 civium.
1548 776 1742 836 Primo
1769 778 1920 855 quod
1964 797 2100 839 cum
2135 781 2175 838 5

313 872 571 930 Demade
598 873 672 930 de
690 873 832 931 urbe
856 872 1135 930 tradenda
1162 872 1470 949 Antipatro
1510 885 1876 933 consenserat
1898 895 1913 944 ;
1954 875 2100 950 ejus·

312 982 423 1046 que
464 968 702 1027 consilio
740 967 1159 1026 Demosthenes
1212 986 1347 1025 cum
1392 969 1633 1044 caeteris,
1680 970 1777 1046 qui
1827 970 1974 1027 bene
2025 970 2099 1028 de

314 1062 607 1140 republica
632 1062 837 1123 mereri
863 1063 1354 1137 existimabantur,
1398 1064 1737 1141 populiscito
1772 1066 1833 1124 in
1868 1064 2100 1123 exilium

310 1169 474 1216 erant
498 1150 755 1235 expulsi;
797 1177 982 1233 neque
1009 1158 1070 1217 in
1088 1155 1167 1218 'eo
1208 1156 1392 1218 solum
1432 1160 1767 1235 offenderat,
1810 1158 1964 1236 quod
2008 1177 2102 1237 pa-

309 1252 432 1312 triae
459 1252 609 1311 male
630 1255 1014 1328 consuluerat,
1042 1255 1143 1312 sed
1190 1254 1383 1328 etiam,
1429 1253 1583 1331 quod
1625 1255 1890 1315 amicitiae
1931 1255 2103 1313 fidem
2144 1255 2215 1312 lo

312 1368 430 1407 non
450 1350 803 1426 praestiterat.
884 1348 1148 1426 Namque
1177 1363 1381 1410 auctus
1409 1336 1746 1428 adjutusque
1790 1369 1824 1409 a
1865 1350 2103 1409 Demos-

309 1446 507 1520 thene,
550 1464 704 1519 eum,
747 1443 914 1522 quem
954 1446 1206 1521 tenebat,
1256 1447 1594 1505 ascenderat
1624 1448 1885 1523 gradum,
1927 1430 2101 1522 quum

311 1540 584 1600 adversus
610 1540 916 1615 Charetem
940 1561 1073 1601 eum
1100 1542 1474 1611 subornaret3
1518 1542 1590 1598 ab
1615 1542 1818 1600 eodem
1855 1541 1915 1598 in
1953 1541 2102 1617 judi-

309 1634 434 1709 ciis,
462 1656 638 1720 quum
662 1637 867 1714 capitis
893 1655 1129 1695 causam
1176 1636 1415 1709 diceret,
1465 1636 1737 1695 defensus
1784 1635 2101 1710 aliquoties,

308 1729 580 1791 liberatus
603 1733 980 1793 discesserat(
1042 1731 1220 1789 Hunc
1249 1750 1365 1790 non
1393 1729 1577 1799 solum
1604 1732 1664 1790 in
1689 1731 1961 1807 periculis
1985 1750 2102 1790 non
2147 1732 2218 1789 15

310 1826 586 1900 defendit,
625 1828 727 1884 sed
753 1827 928 1885 etiam
954 1826 1220 1903 prodidit.
1303 1825 1577 1885 Concidit
1624 1839 1813 1884 autem
1857 1824 2104 1882 maxime

310 1921 709 2007 uno-crimine,
735 1919 910 1996 quod,
936 1940 1112 1997 quum
1144 1922 1294 1998 apud
1341 1939 1475 1978 eum
1501 1937 1784 1978 summum
1831 1930 1981 1977 esset
2005 1919 2106 1976 im-

308 2016 531 2095 perium
558 2016 770 2093 populi,
799 2027 857 2075 et
882 2016 1256 2091 Nicanorem,
1297 2015 1608 2075 Cassandri
1643 2016 1994 2092 praefectum,
2024 2014 2107 2071 in-

310 2112 506 2171 sidiari
569 2112 752 2172 Piraeo
826 2109 1292 2186 Atheniensium,
1357 2131 1392 2171 a
1442 2112 1711 2188 Dercyllo
1762 2122 2104 2183 moneretur,

309 2208 571 2286 idemque
591 2209 901 2285 postularet
928 2221 992 2268 ut
1016 2209 1338 2286 provideret
1363 2228 1439 2266 ne
1467 2207 1879 2267 commeatibus
1904 2207 2106 2266 civitas
2141 2205 2219 2263 20

307 2291 637 2379 privaretur,
660 2304 816 2376 huic,
847 2304 1115 2363 audiente
1140 2305 1369 2381 populo,
1398 2303 1654 2363 Phocion
1705 2303 1935 2380 negavit
1979 2321 2104 2364 esse

306 2399 643 2474 periculum,
672 2416 846 2469 seque
886 2398 1013 2470 ejus
1059 2399 1143 2456 rei
1189 2399 1449 2457 obsidem
1502 2400 1625 2452 sore
1666 2397 1954 2470 pollicitus
1994 2410 2098 2456 est.

311 2492 514 2566 Neque
537 2491 617 2548 ita
641 2488 820 2547 multo
863 2486 993 2563 post
1034 2486 1293 2546 Nicanor
1336 2490 1520 2544 Piraeo
1565 2501 1652 2545 est
1700 2489 1927 2562 potitus.
2011 2491 2105 2546 Ad

312 2605 480 2663 quem
505 2583 960 2661 recuperandum
975 2601 1151 2657 quum
1167 2582 1410 2658 populus
1433 2592 1682 2639 armatus
1703 2582 2104 2657 concurrisset,

314 2681 410 2739 ille
438 2699 553 2737 non
574 2675 743 2737 modo
767 2677 1058 2735 neminem
1087 2677 1159 2734 ad
1188 2695 1345 2734 arma
1372 2676 1611 2750 vocavit,
1655 2678 1756 2735 sed
1802 2696 1876 2735 ne
1926 2696 2103 2736 arma·
2141 2681 2220 2738 25

312 2777 390 2836 tis
411 2774 641 2850 quidem
686 2792 928 2850 praeesse
956 2772 1147 2833 voluit.
1234 2769 1386 2849 [sine
1426 2792 1537 2848 quo
1584 2772 1831 2831 Athenae
1870 2773 2105 2833 omnino

315 2891 443 2931 esse
473 2889 588 2929 non
614 2870 895 2948 possunt]
1742 2881 1745 2884 ’

394 2965 509 3025 ΙΠ.
591 2963 773 3023 Erant
797 2984 866 3022 eo
890 2976 1147 3040 tempore
1175 2963 1423 3022 Athenis
1444 2963 1572 3020 duae
1617 2963 1894 3022 factiones
1917 2984 1931 3034 3
1971 2983 2103 3039 qua-

318 3082 441 3123 rum
469 3080 589 3119 una
612 3059 806 3137 populi
832 3078 1076 3126 causam¹
1111 3060 1337 3136 agebat,
1387 3058 1563 3118 altera
1601 3059 1949 3135 optimatum.
2031 3060 2103 3121 In

319 3161 430 3218 hac
481 3169 604 3215 erat
655 3154 912 3213 Phocion
963 3168 1022 3213 et
1073 3153 1399 3213 Demetrius
1451 3154 1776 3211 Phalereus.
1884 3155 2104 3228 Harum
2142 3157 2219 3214 30

320 3269 554 3330 utraque
584 3252 970 3310 Macedonum
996 3251 1325 3328 patrociniis
1352 3250 1654 3309 nitebatur.
1738 3250 1890 3312 Nam
1931 3272 2104 3329 popu-

319 3345 465 3410 lares
486 3346 954 3426 Polysperchonti
976 3347 1237 3405 favebant
1261 3368 1275 3417 ;
1303 3346 1601 3423 optimates
1622 3364 1754 3404 cum
1781 3347 2103 3405 Cassandro

323 3447 657 3506 sentiebant.
728 3442 966 3501 Interim
1001 3460 1035 3499 a
1062 3441 1538 3517 Polysperchonte
1574 3439 1896 3500 Cassander
1914 3441 2104 3498 Mace-

708 3538 806 3596 8*

2376 3721 2385 3742 .,
2350 3635 2391 3708 21:42
2374 3607 2377 3610 Α

2398 3627 2405 3632 ,
