2492 4207
314 290 392 348 78
1142 298 1492 348 EUMENES.

427 457 631 515 Tacho
658 448 717 513 in
747 456 1062 534 AEgyptum
1089 458 1304 532 ivisset,
1331 469 1390 516 et
1429 458 1490 516 in
1534 457 1665 516 actfi.
1711 475 1844 519 cum
1886 456 2023 516 suis.
2053 476 2224 517 accu-

427 552 640 610 buisset
685 551 809 610 sine
863 553 979 611 ullo
1025 564 1213 623 tect03
1277 564 1622 628 stratumque
1675 553 1909 610 haberet
1977 555 2109 627 tale,
2158 567 2223 613 ut

424 659 575 706 terra
599 659 753 705 tecta
798 660 949 706 esset
987 648 1330 722 stramentiS,
1367 667 1553 722 neque
1597 649 1711 704 huc
1758 647 2002 723 amplius
2049 647 2221 724 quam

422 743 588 820 pellis
614 755 765 801 esset
803 740 1015 820 injecta
1029 765 1046 813 3
1089 745 1401 819 eodemque
1446 743 1683 801 comites
1730 762 1929 801 omnes
1974 745 2220 802 accubu-

347 840 385 896 5
426 839 623 912 issent,
651 839 856 897 vestitu
885 839 1084 898 humili
1113 850 1281 914 atque
1328 839 1600 911 obsoleto,
1645 849 1709 895 ut
1751 857 1946 896 eorum
1988 852 2217 898 ornatus

425 953 541 992 non
567 932 737 992 modo
765 933 822 991 in
848 933 936 991 his
962 953 1157 1010 regem
1183 934 1473 993 neminem
1517 933 1884 1009 significaret,
1923 936 2021 991 sed
2066 937 2220 994 hom-

428 1029 539 1088 inis
564 1017 566 1020 4
593 1050 708 1089 non
753 1029 1065 1087 beatissimi
1108 1030 1492 1109 suspicionem
1533 1018 1826 1106 praeberet.
1910 1029 2098 1106 Hujus
2147 1032 2220 1089 de

339 1142 340 1145 ’
429 1126 673 1201 adventu
702 1125 853 1182 fama
880 1144 1053 1199 quum
1081 1125 1151 1182 ad
1182 1125 1370 1204 regios
1395 1137 1545 1183 esset
1565 1125 1801 1202 perlata,
1825 1125 2080 1185 celeriter
2098 1145 2221 1184 mu-

426 1240 564 1279 nera
589 1219 659 1279 eo
688 1221 961 1300 cujusque
989 1220 1216 1297 generis
1243 1233 1376 1280 sunt
1420 1223 1605 1279 allata.
1688 1220 1799 1278 His
1840 1223 2223 1296 quaerentibus

316 1317 388 1374 10
429 1317 786 1392 Agesilaum,
815 1316 909 1373 vix
937 1314 1077 1373 fides
1107 1317 1259 1374 sacta
1284 1328 1391 1388 est,
1421 1335 1600 1373 unum
1623 1336 1748 1374 esse
1771 1335 1842 1373 ex
1859 1316 1968 1389 his,
1988 1316 2085 1393 qui
2103 1331 2219 1376 tum

428 1411 804 1468 accubabant.
885 1410 1010 1472 Qui
1053 1429 1228 1486 quum
1278 1410 1428 1487 regis
1470 1411 1676 1484 verbis,
1725 1430 1850 1490 quae
1896 1413 2218 1484 attulerant,

427 1507 740 1580 dedissent,
789 1507 890 1564 ille
957 1518 1159 1582 praeter
1212 1505 1472 1578 vitulina,
1521 1518 1578 1563 et
1632 1507 1957 1582 hujusmodi
2008 1518 2220 1582 genera

429 1602 669 1679 opsonii,
699 1621 824 1678 quae
850 1605 1101 1683 praesens
1128 1601 1759 1677 tempusdesiderabat,
1787 1602 1926 1658 nihil
1957 1603 2182 1678 accepit
2204 1624 2219 1673 ;

429 1710 744 1773 unguenta,
774 1716 1033 1771 coronas,
1061 1697 1487 1772 secundamque
1515 1712 1771 1756 mensam
1799 1696 1971 1755 servis
2006 1697 2221 1773 disper-

319 1795 389 1850 15
430 1793 517 1853 tiit
537 1813 550 1862 ;
594 1790 804 1875 caetera
820 1792 1017 1851 referri
1036 1792 1219 1869 jussit.
1274 1791 1442 1853 'Quo
1470 1794 1619 1850 facto
1646 1791 2017 1868 eum-barbari
2037 1794 2219 1869 magis

431 1889 602 1948 etiam
656 1901 1138 1966 contempserunt,
1192 1886 1346 1965 quod
1402 1907 1533 1945 eum
1581 1887 1902 1964 ignorantia
1947 1888 2218 1946 bonarum

431 2005 617 2056 rerum
673 1986 769 2043 illa
810 1982 1165 2060 potissimum
1219 1984 1527 2060 sumpsisse
1576 1983 2007 2042 arbitrabantur.
2106 1985 2219 2042 Hic

431 2096 604 2154 quum
626 2097 698 2136 ex
725 2079 975 2155 AEgypto
1001 2089 1396 2151 reverteretur,
1427 2079 1669 2137 donatus
1697 2097 1730 2136 a
1755 2097 1889 2155 rege
1933 2079 2218 2138 Nectana-

432 2173 564 2229 bide
599 2173 864 2232 ducentis
907 2173 1110 2250 viginti
1150 2173 1402 2245 talen'tiS,
1446 2192 1570 2248 quae
1613 2175 1708 2232 ille
1755 2175 1975 2232 muneri
2015 2177 2220 2251 populo

314 2267 393 2324 20
433 2286 535 2326 suo
560 2268 740 2340 daret,
769 2268 1125 2345 venissetque
1155 2269 1213 2326 in
1262 2280 1486 2345 portum
1528 2269 1624 2344 qui
1674 2269 1927 2328 Menelai‘
1968 2284 2219 2344 vocatur,

428 2363 627 2439 jacens
656 2362 803 2422 inter
830 2364 1088 2440 Cyrenas
1114 2377 1172 2424 et
1201 2365 1533 2442 AEgyptum,
1563 2365 1623 2426 in
1641 2367 1898 2424 morbum
1916 2367 2221 2442 implicitus

434 2458 718 2517 decessit:
771 2459 871 2518 Ibi
898 2480 1029 2524 eum
1059 2461 1249 2535 amici,
1279 2461 1389 2536 quo
1419 2463 1680 2537 Spartam
1709 2461 1935 2521 facilius
1975 2465 2219 2538 perferre

435 2566 684 2630 possent,
711 2547 865 2629 quod
893 2557 1004 2613 mel
1033 2573 1150 2614 non
1178 2556 1486 2628 habebant,
1530 2556 1662 2615 cerii
1695 2557 2218 2627 circumfuderunt3

437 2659 604 2724 atque
631 2650 713 2707 ita
739 2651 970 2734 domum
999 2652 1331 2709 retulerunt.

903 3033 1136 3091 XVIII.
1218 3035 1734 3095 EUMENES.

322 3229 401 3286 25
516 3224 569 3282 Ι.
638 3226 933 3301 EumeneS,
966 3227 1309 3286 Cardianus.
1394 3229 1583 3304 Hujus
1621 3231 1677 3288 si>
1716 3229 1908 3287 virtuti
1950 3248 2049 3307 par
2097 3228 2231 3286 data

440 3332 591 3380 esset
617 3322 859 3395 fortuna,
889 3343 1004 3383 non
1033 3323 1126 3381 ille
1152 3323 1382 3398 quidem
1399 3324 1596 3399 major,
1616 3324 1716 3382 sed
1739 3323 1917 3383 multo
1942 3323 2231 3397 illustrior,

443 3431 608 3494 atque
635 3417 807 3476 etiam
844 3419 1201 3490 honoratior;
1242 3417 1395 3495 qubd
1444 3438 1682 3496 magnos
1725 3409 1984 3476 homines
2026 3417 2234 3476 virtute

441 3515 725 3588 metimur,
754 3533 868 3573 non
898 3515 1137 3573 tbrtuna.
1220 3514 1370 3573 Nam
1400 3533 1572 3592 quum
1602 3526 1738 3573 aetas
1764 3514 1890 3591 ejus
1937 3513 2236 3572 incidisset
