2492 4207
362 279 402 337 6
687 266 694 274 '
960 254 961 257 ¹
1161 287 1575 339 M1LT1ADEs.

477 448 650 507 Iones
678 448 890 506 Sardes
917 448 1363 526 expugnassent,
1392 468 1607 526 suaque
1633 449 1899 527 praes-idia
1935 451 2251 511 interfecis-

476 556 619 602 sent.
702 543 797 602 Illi
823 545 1078 620 praefecti
1107 545 1306 622 Regii,
1350 547 1533 604 classe
1565 547 1636 603 ad
1674 546 1956 606 Euboeam
1999 549 2256 626 appulsi,

474 640 737 698 celeriter
760 640 1042 698 Eretriam
1072 638 1369 717 ceperunt,
1396 660 1707 717 omnesque
1726 642 1852 718 ejus
1878 643 2067 720 gentis
2102 644 2260 701 cives

474 737 734 812 abreptos
763 736 821 793 in
845 736 1048 794 Asiam
1078 737 1149 793 ad
1178 736 1407 813 Regem
1435 736 1730 796 miserunt.
1813 736 1961 796 Inde
1994 739 2067 795 ad
2110 739 2260 796 Atti-

391 834 431 890 5
471 853 600 891 cam
622 845 1009 906 accesserunt,
1033 853 1102 890 ac
1129 852 1263 891 suas
1291 833 1486 917 copias
1513 833 1574 891 in
1602 850 1869 910 campum
1913 833 2260 895 Marathona

471 931 847 989 deduxerunt.
930 929 991 988 Is
1019 930 1180 988 abest
1208 932 1280 988 ab
1305 931 1515 1007 oppido
1535 930 1763 989 circiter
1790 931 1970 991 millia
1988 950 2259 1007 passuum

470 1027 688 1085 decem.
773 1027 905 1085 Hoc
931 1027 1179 1085 tumultu
1202 1027 1592 1084 Athenienses
1621 1038 1739 1086 tam
1764 1027 2080 1104 propinquo
2118 1039 2260 1086 tam-

468 1143 576 1198 que
610 1142 821 1200 magno
847 1121 1110 1198 permoti,
1140 1122 1415 1181 auxilium
1463 1132 1745 1198 nusquam
1788 1123 1900 1181 nisi
1929 1143 1964 1180 a
1989 1123 2259 1181 Lacedae·

334 1268 338 1274 .
468 1219 674 1278 moniis
689 1219 1031 1295 petiverunt,
1050 1217 1545 1294 Philippidemque
1558 1238 1848 1277 cursorem
1869 1219 1993 1295 eJus
2009 1219 2259 1294 generis,

342 1316 428 1389 *10
466 1315 563 1391 qui
591 1313 1007 1373 hemerodromi
1035 1325 1330 1386 vocantur,
1360 1310 1843 1397 L'acedaemonen
1867 1313 2169 1387 miserunt,
2197 1327 2261 1372 ut

465 1411 775 1483 nuntiaret,
804 1408 976 1485 quam
1003 1410 1179 1468 celeri
1205 1428 1349 1486 opus
1374 1421 1528 1471 esset
1555 1410 1816 1489 auxilia-5
1841 1458 1846 1465 .
1867 1409 2040 1471 Domi
2069 1422 2260 1470 autem

465 1518 664 1564 creant
686 1507 893 1578 decem
919 1516 1208 1581 praetores,
1237 1504 1335 1580 qui
1372 1498 1650 1579 e'xercitui
1695 1494 2026 1582 praeessent,
2071 1506 2131 1563 in
2161 1507 2258 1563 «eis

466 1601 804 1660 Miltiadem.
889 1600 1049 1659 Inter
1090 1621 1230 1676 quos
1274 1608 1485 1678 magna
1540 1601 1646 1660 fuit
1699 1602 2011 1672 contentiO,
2067 1599 2259 1660 utrum

464 1698 748 1755 moenibus
801 1717 863 1754 se
910 1697 1318 1768 defenderenw
1373 1692 1446 1754 an
1503 1695 1731 1755 obviam
1791 1697 1946 1757 irent
1996 1697 2258 1756 hostibus

351 1797 422 1852 15
464 1794 700 1869 acieque
718 1794 1111 1851 decernerent.
1179 1782 1350 1852 Unus
1368 1793 1660 1880 Miltiades
1680 1791 1927 1853 maxime
1950 1793 2256 1865 nitebatur,

463 1903 525 1948 ut
545 1891 728 1967 primo
748 1910 972 1965 quoque
1008 1902 1264 1967 tempore
1307 1903 1495 1950 castra
1536 1890 1757 1951 fierent.
1841 1890 1912 1948 Id
1951 1889 2000 1948 si
2043 1891 2257 1948 finctum

461 1998 631 2059 esset,
659 1998 718 2044 et
744 1987 967 2045 civibus
994 1989 1248 2044 animum
1281 2007 1668 2059 accessurum,
1696 2007 1872 2063 quum
1899 1986 2158 2045 viderent
2183 1986 2257 2043 de

461 2102 658 2141 eorum
702 2082 908 2140 virtute
945 2100 1062 2140 non
1104 2081 1415 2157 desperari,
1459 2092 1517 2138 et
1550 2082 1741 2138 hostes
1786 2081 1994 2137 eadem
2032 2101 2094 2139 re
2138 2083 2259 2140 fore
2362 2149 2366 2153 ,

354 2239 359 2248 ,
460 2178 756 2251 tardioreS,
799 2178 848 2235 si
887 2177 1423 2248 animadverterent,
1474 2174 1671 2232 auderi
1716 2172 1988 2238 adversus
2035 2194 2095 2231 se
2136 2188 2257 2233 tam

344 2276 422 2333 20
462 2274 685 2351 exiguis
707 2274 889 2350 copiis
910 2273 1202 2331 dimicare.

538 2371 610 2428 V.
694 2370 826 2428 Hoc
875 2369 934 2426 in
995 2380 1250 2445 tempore
1308 2367 1468 2425 nulla
1533 2365 1735 2424 civitas
1797 2364 2255 2448 Atheniensibus

432 2481 435 2486 ’
461 2466 672 2524 auxilio
693 2466 800 2524 fuit
825 2476 1030 2542 praeter
1056 2465 1421 2523 PlataeenseS.
1504 2461 1594 2519 Ea
1614 2460 1768 2518 mille
1796 2458 1956 2542 misit
1989 2460 2251 2518 militum.

460 2562 663 2637 Itaque
712 2562 914 2619 horum
957 2561 1205 2618 adventu
1254 2560 1455 2616 decern
1497 2556 1677 2642 millia
1718 2567 2057 2615 armatorum
2103 2571 2255 2614 com-

457 2659 613 2734 pleta
653 2667 823 2714 sunt:
885 2674 1010 2731 quae
1077 2674 1300 2713 manus·
1333 2653 1594 2712 mirabili
1640 2645 1916 2729 flagrabat
1957 2649 2253 2729 pugnandi

340 2755 420 2811 ⁶25
461 2747 791 2829 cupiditate.
889 2750 1031 2812 Quo
1075 2751 1289 2808 factum
1335 2762 1442 2820 est,
1482 2762 1554 2813 *ut
1594 2747 1744 2824 pluS,
1787 2750 1959 2823 quam
1997 2749 2250 2823 collegae,

460 2848 753 2908 Miltiades
824 2847 1081 2905 valuerit.
1190 2846 1334 2922 Ejus
1394 2845 1551 2902 enim
1619 2844 1964 2903 auctoritate
2023 2843 2252 2919 impulsi

460 2945 850 3006 Athenienses
877 2943 1071 3019 copias
1091 2962 1165 3000 ex
1197 2942 1338 3000 urbe
1375 2941 1717 3011 eduxerunt,
1760 2941 2000 3017 locoque
2044 2939 2250 2996 idoneo
2263 2976 2268 2986 ›-

459 3053 646 3099 castra
672 3043 950 3099 fecerunt.
1032 3037 1263 3095 Deinde
1288 3048 1514 3114 postero
1539 3035 1634 3092 die
1662 3037 1769 3093 sub
1791 3035 1999 3094 montis
2045 3033 2250 3091 radici·

462 3138 588 3209 buS,
645 3137 768 3194 acie
809 3156 842 3194 e
890 3131 1124 3211 regione
1148 3143 1157 3150 ‘
1177 3132 1477 3204 instructa,
1530 3131 1677 3190 nova
1720 3143 1859 3203 arte,
1903 3130 1956 3186 vi
2004 3132 2245 3201 summa,

343 3234 421 3292 30
459 3233 722 3309 proelium
765 3230 1188 3290 commiserunt.
1288 3228 1553 3304 Namque
1602 3228 1830 3285 arbores
1864 3223 2059 3282 multis
2103 3224 2247 3283 locis

460 3339 625 3386 erant
665 3338 872 3399 stratae,
922 3328 1033 3385 hoc
1074 3324 1335 3396 consilio,
1374 3335 1438 3382 ut
1483 3334 1542 3381 et
1588 3322 1867 3381 montium
1913 3332 2246 3397 tegerentur

463 3422 782 3495 altitudine,
809 3434 867 3480 et
891 3423 1154 3480 arborum
1180 3431 1367 3479 tractu
1408 3419 1693 3494 equitatus
1735 3416 1983 3475 hostium
2012 3417 2246 3493 impedi-

460 3530 627 3589 retur,
689 3537 764 3576 ne
810 3516 1176 3576 multitudine
1234 3515 1653 3580 clauderentur.
1763 3512 1929 3571 Datis
1974 3512 2082 3571 etsi
2129 3530 2242 3570 non
