2492 4207
1005 262 1356 313 EUMENEs.
1994 242 2001 249 ’
2113 253 2191 315 83

290 423 453 483 andri
490 423 642 483 filius
685 440 924 499 regnum
969 421 1394 498 adipisceretur.
1476 422 1581 479 Sin
1624 423 1815 498 aliqu&⁴
1854 424 2073 500 cupidi-

285 531 400 577 tate
453 528 744 594 raperetur
796 517 856 575 in
926 516 1352 589 Macedoniam,
1415 516 1668 574 omnium
1735 518 2070 594 injuriarum

282 610 731 685 oblivisceretur,
758 624 816 670 et
842 613 903 670 in
921 612 1211 670 neminem
1232 611 1527 670 acerbiore
1547 622 1795 670 uteretur
1817 613 2069 690 imperio.

282 709 509 767 Horum
536 707 678 765 nihil
705 725 775 765 ea
800 707 953 766 fecit.
1033 706 1187 764 Nam
1214 718 1273 766 et
1301 707 1360 765 in
1390 706 1793 765 Macedoniam
1817 711 2071 785 profecta

279 815 390 876 est,
432 814 492 861 et
520 803 643 861 ‘ibis
674 802 1067 861 crudelissime
1116 821 1177 860 se
1228 802 1422 880 gessit.
1530 802 1706 861 Petiit
1758 817 1943 863 autem
1998 807 2070 864 ab
2106 807 2147 865 5

280 899 544 957 Eumene
573 900 825 971 absente,
854 918 928 958 ne
954 909 1261 975 pateretur,
1285 898 1532 974 Philippi
1554 899 1759 957 domus
1772 910 1830 957 et
1846 901 2069 959 familiae

281 994 703 1054 inimicissimos
730 995 963 1071 stirpem
976 978 1210 1070 'quoque
1238 994 1584 1068 interimere,
1609 996 1890 1071 ferretque
1906 1015 2070 1072 opem

277 1084 473 1148 liberis
505 1090 837 1149 Alexandri.
920 1090 1118 1152 Quam
1160 1089 1385 1147 veniam
1432 1090 1481 1148 si
1523 1089 1632 1148 sibi
1656 1090 1859 1164 -daret,
1903 1089 2074 1166 quam

275 1183 525 1263 primum
552 1186 840 1265 exercitus
866 1197 1112 1261 pararet,
1139 1205 1281 1260 quos
1308 1185 1421 1243 sibi·
1445 1186 1698 1244 subsidio
1741 1187 2067 1245 adduceret.

278 1279 349 1338 Id
377 1279 489 1356 quo
519 1280 745 1340 facilius
773 1282 1005 1353 faceret,
1030 1301 1091 1339 se
1118 1281 1384 1340 omnibus
1409 1281 1711 1358 praefectiS,
1740 1281 1837 1356 qui
1874 1282 1935 1339 in
1955 1282 2073 1341 offi-
2116 1283 2189 1341 1⁰

276 1376 371 1436 cio
398 1379 729 1450 manebant,
767 1376 988 1435 misisse
1029 1377 1266 1449 litteras,
1314 1388 1378 1435 ut
1409 1377 1464 1434 ei
1506 1388 1792 1453 parerent,
1835 1377 2071 1453 ejusque

276 1472 533 1531 consiliis
590 1485 896 1532 uterentur.
1003 1471 1115 1545 His
1173 1473 1346 1530 rebus
1409 1471 1701 1555 Eumenes
1759 1483 2069 1547 permotus,

274 1568 452 1625 satius
478 1568 659 1640 duxit,
688 1568 737 1625 si
765 1567 843 1633 ita
871 1567 1092 1626 tulisset
1134 1568 1382 1635 fortuna,
1429 1567 1616 1642 perire
1659 1568 1807 1624 bene
1854 1567 2071 1626 meritis

272 1662 630 1731 referentem,
638 1662 898 1739 gratiam,
920 1660 1094 1737 quam
1117 1661 1409 1736 ingratum
1436 1662 1641 1718 vivere.

339 1758 486 1816 VII.
570 1758 784 1833 Itaque*
800 1756 996 1832 copias
1024 1755 1327 1827 contraxit,
1357 1756 1569 1813 b'ellum
1607 1754 1878 1815 adversus
1905 1757 2071 1817 Anti·
2114 1760 2186 1816 15

270 1870 485 1927 gonum
512 1849 879 1926 comparavit.
959 1848 1141 1911 Quod
1169 1846 1287 1906 una
1313 1860 1477 1907 erant
1521 1850 1875 1909 Macedones
1921 1871 2073 1909 com·-

269 1948 464 2023 plures
506 1945 728 2003 nobiles
767 1943 857 2020 (in
900 1943 989 2001 his
1041 1944 1374 2016 Peucestes„
1428 1945 1526 2019 qui
1579 1945 1828 2022 corporis
1881 1960 2073 2005 custos

271 2045 457 2100 fuerat
510 2039 846 2113 Alexandri,
894 2051 1015 2099 tum
1064 2050 1257 2096 autem
1302 2039 1598 2099 obtinebat
1641 2039 1972 2112 Persidem3
2013 2055 2071 2100 et

272 2135 616 2214 AntigeneS,
645 2138 812 2213 cujus
838 2137 947 2194 sub
970 2136 1208 2212 imperio
1229 2122 1483 2211 phalanx
1504 2147 1627 2194 erat
1649 2135 2066 2217 Macedonum)

271 2231 541 2292 invidiam
588 2251 791 2291 verens
820 2231 1018 2308 (quam
1060 2245 1254 2290 tamen
1282 2232 1542 2307 effugere
1583 2251 1700 2291 non
1746 2234 1979 2312 potuit),
2018 2234 2079 2293 si·
2105 2234 2184 2294 20

269 2329 457 2406 potius
487 2330 608 2405 ipse
639 2325 967 2405 alienigena
992 2328 1200 2385 summi
1222 2328 1444 2404 imperii
1464 2328 1758 2405 potiretur,
1775 2329 1946 2405 quam
1970 2330 2066 2388 alii

271 2424 679 2497 Macedonum,
706 2443 947 2499 quorum
990 2424 1071 2480 ibi
1112 2436 1237 2481 erat
1283 2422 1624 2493 multitud03
1668 2425 1729 2480 in
1769 2425 2067 2500 principiis

270 2521 505 2580 nomine.
529 2519 852 2577 Alexandri
878 2519 1076 2576 statuit
1101 2518 1555 2590 tabernaculum,
1581 2517 1641 2574 in
1667 2536 1847 2592 eoque
1869 2518 2066 2575 sellam

273 2634 503 2673 auream
542 2628 683 2672 -cum
727 2626 950 2690 sceptro
994 2633 1063 2671 ac
1106 2613 1429 2673 diademate
1465 2614 1635 2688 jussit
1679 2614 1835 2689 poni,
1883 2612 2065 2689 eoque

271 2729 471 2771 omnes
496 2699 748 2785 quotidie
776 2709 1101 2782 convenire,
1131 2720 1194 2767 ut
1221 2709 1301 2766 ibi
1329 2710 1402 2767 de
1439 2708 1676 2767 summis
1720 2710 1888 2767 rebus
1930 2729 2065 2768 con·
2100 2707 2181 2768 25

272 2807 404 2876 silia
453 2818 829 2881 caperentur:
887 2805 1132 2864 credens
1177 2806 1399 2864 minore
1451 2824 1512 2862 se
1565 2804 1783 2862 invidia
1824 2807 1960 2876 fore,
2016 2805 2065 2861 si

271 2890 465 2981 specie
488 2902 727 2977 imperii,
746 2902 1104 2976 nominisque
1122 2901 1482 2959 simulatione
1501 2900 1837 2971 Alexandri,
1851 2899 2064 2956 bellum

243 3033 246 3034 ν
269 3000 557 3057 videretur
586 2997 976 3055 administrare
1001 3018 1013 3054 ς
1056 2997 1207 3072 quod
1235 3007 1294 3055 et
1322 2988 1489 3053 fecit(
1557 2994 1710 3052 Nam
1737 3013 1911 3070 quum
1948 3013 2063 3053 non

273 3096 345 3154 ad
373 3093 655 3152 Eumenis
680 3092 981 3169 principia,
1011 3094 1110 3150 sed
1142 3092 1214 3149 ad
1241 3091 1401 3168 regia
1441 3090 1859 3164 conveniretur,
1898 3103 2064 3167 atque

270 3192 353 3252 ibi
379 3192 452 3248 de
473 3191 650 3252 rebus
672 3188 1098 3261 deliberaretur,
1126 3188 1372 3263 quodam
1399 3189 1569 3246 modo
1599 3187 1847 3258 latebat3
1889 3205 2063 3264 quum
2101 3185 2179 3247 30

270 3299 464 3345 tamen
490 3306 591 3363 per
618 3305 752 3343 eum
779 3297 958 3341 unum
986 3295 1318 3359 gererentur
1344 3283 1556 3343 omnia.

349 3382 520 3442 VIII.
604 3382 722 3439 Hic
751 3380 812 3437 in
841 3379 1147 3437 Paraetacis
1174 3399 1307 3438 cum
1336 3380 1632 3455 Antigono
1652 3380 1928 3455 conflixit,
1946 3399 2060 3439 non

274 3478 397 3535 acie
425 3478 724 3554 instructa,
753 3475 855 3534 s‘ed
884 3474 942 3532 in
992 3475 1231 3534 itinere:
1274 3495 1517 3551 eumque
1565 3474 1712 3535 male
1763 3488 2061 3552 acceptum
