2492 4207
869 274 1298 327 TIMOTHEUS.
2008 265 2086 322 53

196 440 489 518 Philippus
509 442 629 516 jam
665 450 788 495 tum
809 438 1000 496 valens
1037 434 1339 513 [Macedo]
1387 435 1565 491 multa
1603 435 1967 494 moliebatur:

194 538 292 597 cui
316 534 607 612 oppositus
634 531 851 590 Chares
876 550 1051 607 quum
1078 539 1248 601 esset,
1276 546 1392 586 non
1420 525 1557 585 satis
1583 527 1642 585 in
1682 548 1752 587 eo
1784 532 1970 606 praesi·

191 631 274 690 dii
299 630 623 708 putabatur.
704 626 798 686 Fit
824 625 1197 684 Menestheus
1222 634 1447 700 praetor,
1470 621 1621 680 filius
1651 623 1968 699 Iphicratis,

187 745 368 805 gener
395 722 715 796 Timothei,
736 734 813 795 et,
842 733 903 780 ut
932 722 1003 779 ad
1032 721 1241 779 bellum
1281 718 1691 796 proficiscatur,
1718 721 1970 780 decerni·

186 834 300 881 tur.
386 818 545 876 Huic
571 817 631 876 in
671 816 971 875 consilium
1017 816 1222 874 dantur
1272 812 1414 873 duo'
1430 832 1540 872 usu
1587 813 1970 893 sapientiaque
2008 821 2047 876 5

185 924 543 994 praestantes,
591 931 825 988 quorum
867 910 1107 971 consilio
1147 921 1417 983 uteretur,
1469 922 1631 986 pater
1676 922 1735 969 et
1779 930 1968 972 socer:

187 1010 349 1088 quod
376 1010 435 1068 in
462 1008 550 1067 his
577 1019 735 1068 tanta
759 1019 880 1067 erat
909 1006 1232 1079 auctoritas,
1271 1018 1336 1064 ut
1378 1024 1590 1083 magna
1629 1024 1759 1083 spes
1804 1020 1970 1080 esset,
2019 1014 2023 1019 ’

186 1127 291 1184 per
317 1126 415 1164 eos
443 1104 649 1163 amissa
672 1122 857 1181 posse,
874 1101 1213 1178 recuperari.
1295 1100 1378 1158 Hi
1399 1120 1571 1177 quum
1599 1101 1835 1176 Samum
1851 1121 1974 1179 pro-

189 1201 327 1261 fecti
354 1212 563 1273 essent,
593 1211 651 1258 et
677 1197 882 1258 eodem
911 1198 1149 1271 Chares,
1188 1197 1435 1255 adventu
1482 1216 1676 1255 eorum
1719 1198 1967 1275 cognitO,

187 1317 324 1356 cum
353 1285 471 1354 suis
496 1278 676 1372 copiis
701 1294 1172 1371 proficisceretur,
1196 1313 1271 1361 ne
1298 1292 1433 1369 quid
1479 1293 1710 1354 absente
1753 1314 1814 1353 se
1845 1314 1969 1372 ges-
2013 1297 2084 1353 10

188 1406 310 1453 tum
337 1392 652 1461 videretur3
697 1389 925 1463 accidit,
954 1398 1126 1466 quum
1159 1389 1231 1446 ad
1276 1389 1520 1447 insulam
1565 1390 1967 1468 appropinqua·

190 1501 335 1561 rent,
364 1498 427 1546 ut
471 1505 683 1564 magna
723 1477 1029 1563 tempestas
1070 1486 1348 1556 oriretur-3
1390 1504 1557 1560 quam
1604 1486 1814 1546 evitare
1856 1487 1967 1545 duo

189 1596 408 1643 veteres
428 1582 790 1660 imperatores
811 1582 948 1641 utile
971 1581 1246 1655 arbitrati,
1270 1600 1433 1640 suam
1453 1582 1694 1639 classem
1714 1601 1970 1658 suppres-

187 1692 398 1740 serunt.
480 1680 561 1738 At
588 1679 682 1737 ille
721 1669 1024 1738 temeraria
1064 1697 1202 1735 usus
1249 1678 1466 1751 ratione
1506 1695 1622 1735 non
1658 1676 1828 1735 cessit
1856 1696 1971 1735 ma-

181 1776 371 1853 jorum
398 1786 535 1832 natu
565 1772 907 1844 auctoritati,
935 1783 1012 1845 et,
1030 1783 1093 1830 ut
1113 1772 1163 1829 si
1185 1772 1244 1830 in
1262 1773 1367 1830 sua
1381 1771 1511 1830 navi
1527 1784 1677 1831 esset
1693 1771 1966 1845 Fortuna,
2013 1774 2085 1831 15

184 1871 299 1947 quo
329 1870 719 1940 contenderat,
744 1865 1036 1943 pervenit:
1066 1865 1391 1945 eodemque
1413 1878 1477 1924 ut
1493 1879 1878 1941 sequerentur,
1900 1868 1973 1923 ad

183 1965 561 2025 Timotheum
588 1973 646 2020 et
671 1960 1027 2067 Iphicratern·
1065 1958 1329 2017 nuntium
1377 1959 1544 2018 misit.
1627 1958 1784 2017 Hinc
1823 1958 1970 2017 male

182 2083 247 2124 re
275 2058 458 2140 gesta,
486 2057 868 2146 compluribus
897 2045 1114 2115 amissis
1141 2055 1400 2130 navibus,
1429 2052 1652 2131 eodem,
1681 2056 1832 2114 unde
1853 2067 1974 2114 erat

183 2159 495 2237 profectus,
523 2174 584 2214 se
611 2153 845 2231 recepit,
873 2152 1197 2228 litterasque
1224 2153 1488 2211 Athenas
1533 2135 1761 2227 publice
1799 2152 1970 2225 misit,

187 2254 301 2314 sibi
326 2252 572 2331 proclive
600 2251 774 2310 fuisse
803 2251 1059 2308 Samum
1064 2265 1288 2326 capere,
1332 2248 1444 2306 nisi
1489 2268 1523 2306 a
1568 2247 1875 2308 Timotheo
1914 2260 1972 2306 et
2008 2249 2086 2305 20

188 2350 479 2427 Iphicrate
506 2349 761 2406 desertus
788 2356 951 2404 esset.
1038 2342 1160 2421 [Ob
1181 2363 1310 2401 eam
1336 2362 1456 2401 rem
1484 2343 1545 2400 in
1572 2343 1787 2401 crimen
1809 2362 1971 2402 voca-

189 2446 443 2525 bantur]
526 2442 775 2521 Populus
803 2460 956 2513 acer,
982 2440 1267 2516 suspicax,
1312 2438 1556 2510 mobilis,
1601 2439 1970 2510 adversarius,

191 2542 417 2600 invidus
448 2540 640 2599 etiam
692 2536 980 2615 potentias,
1027 2534 1259 2594 domum
1311 2543 1575 2591 revocat:
1634 2544 1972 2591 accusantur

134 2665 137 2668 ·
189 2636 540 2714 proditionis.
622 2634 753 2694 Hoc
801 2631 1020 2710 judicio
1058 2632 1359 2689 damnatur
1407 2627 1766 2701 Timotheus,
1795 2628 1972 2704 lisque
2061 2641 2066 2648 ·

191 2734 319 2810 ejus
346 2733 649 2790 aestimatur
677 2742 908 2789 centum
935 2728 1179 2788 talentis.
1261 2727 1367 2786 Ille
1391 2726 1524 2785 odio
1567 2726 1800 2803 ingratae
1840 2726 1972 2783 civi·
2010 2727 2087 2784 25

193 2827 326 2887 tatis
353 2838 602 2899 coactus,
631 2826 967 2884 Chalcidem
994 2842 1055 2882 se
1083 2822 1340 2883 contulit.

269 2922 357 2980 IV
363 2967 375 2980 .
458 2921 646 2998 Hujus
669 2933 796 2998 post
820 2931 1059 2980 mortem
1106 2938 1280 2994 quum
1327 2919 1597 2995 populum
1633 2917 1838 2993 judicii
1886 2917 1973 2974 sui

197 3017 510 3093 poeniteret,
538 3017 726 3075 multae
753 3035 953 3075 novem
974 3026 1162 3093 partes
1184 3013 1445 3085 detraxit,
1464 3025 1520 3071 et
1543 3013 1741 3070 decem
1763 3009 1977 3071 talenta

200 3112 491 3171 Cononem
518 3112 698 3170 filium
725 3111 847 3187 ejus
876 3112 948 3168 ad
975 3110 1123 3167 muri
1148 3108 1441 3184 quandam·
1461 3119 1678 3184 partem
1717 3106 1973 3166 reficien-

201 3208 328 3266 dam
376 3208 544 3285 jussit
596 3209 750 3265 dare.
855 3205 924 3262 In
977 3224 1088 3280 quo
1135 3205 1372 3264 sortunae
1426 3202 1667 3260 varietas
1719 3214 1804 3260 est
1858 3203 1974 3260 ani·
2012 3203 2088 3260 30

202 3305 505 3362 madversa.
604 3303 758 3362 Nam
811 3319 948 3377 quos
1001 3319 1136 3358 avus
1189 3299 1392 3358 Conon
1446 3317 1636 3355 muros
1682 3316 1755 3355 ex
1806 3299 1974 3357 hosti-

203 3417 295 3456 um
321 3399 513 3477 praeds
538 3399 733 3476 patriae
760 3396 1098 3468 restituerat,
1120 3396 1350 3454 eosdem
1377 3412 1573 3469 nepos,
1601 3412 1732 3451 cum
1753 3395 1975 3453 summa

204 3494 513 3571 ignominia
550 3493 797 3566 familiae,
830 3511 901 3551 ex
944 3490 1046 3549 sua
1091 3509 1152 3549 re
1182 3488 1445 3548 familiari
1483 3487 1715 3547 reficere
1744 3499 1975 3547 coactus
2039 3501 2046 3512 ·

582 3589 680 3648 5*
