2492 4207
974 232 1416 283 IPHICRATES.
2125 226 2202 284 47

295 398 432 459 ante
461 397 682 456 dictum
733 407 839 468 est,
861 394 1032 471 quam
1060 395 1244 453 invisa
1272 395 1345 451 sit
1386 394 1689 471 singularis
1730 394 2003 471 potentia,
2031 407 2088 457 et

290 496 624 554 miseranda
649 494 782 566 vita,
810 493 906 567 qui
935 512 995 550 se
1024 490 1222 563 metui,
1248 488 1418 565 quam
1447 492 1621 549 amari
1644 493 1884 566 malunt,
1907 491 2088 550 cuivis

289 593 465 651 facile
495 590 789 649 intellectu
817 589 939 647 fuit.
1023 587 1290 662 Namque
1320 586 1401 644 illi
1430 586 1537 663 ipsi
1564 589 1846 662 custodes,
1875 587 1924 646 si
1964 607 2090 664 pro-

286 689 438 766 pitia
487 687 725 746 fuissent
770 686 1079 757 voluntate,
1135 682 1350 741 foribus
1402 682 1650 766 effractis
1693 704 1914 742 servare
1956 703 2089 742 eum

287 782 632 862 potuissent,
660 780 811 857 quod
839 781 921 838 illi
940 781 1185 838 inermes
1205 780 1384 838 telum
1407 776 1542 840 foris
1559 779 1880 856 flagitantes
1901 782 2090 840 vivum
2127 781 2167 838 5

290 880 587 939 tenebant.
670 877 782 949 Cui
808 864 988 954 quum¹
1027 888 1386 936 succurreret
1423 896 1614 950 nemo,
1659 876 1818 952 Lyco
1861 877 2090 952 quidam

294 978 692 1052 Syracusanus
718 995 818 1052 per
848 959 1123 1033 fenestras
1150 973 1405 1050 gladium
1439 973 1625 1048 dedit,
1654 992 1780 1049 quo.
1813 973 1965 1033 Dion
2007 975 2091 1033 in-

291 1074 566 1131 terfectus
592 1085 693 1131 est.

372 1170 449 1227 X.
533 1170 817 1228 Confecta
861 1170 1040 1242 caede,
1079 1187 1252 1243 quum
1295 1168 1599 1227 multitudo
1641 1166 1865 1226 visendi
1907 1166 2091 1244 gratia

288 1265 598 1339 introisset,
646 1266 911 1325 nonnulli
960 1267 1031 1324 ab
1074 1266 1272 1324 insciis
1314 1285 1416 1342 pro
1457 1266 1645 1324 noxiis
1686 1265 2085 1324 conciduntur.
2135 1265 2205 1345 10

288 1363 444 1420 Nam
474 1363 648 1420 celeri
676 1381 901 1420 rumore
923 1360 1116 1435 dilato,
1147 1362 1324 1433 Dioni
1350 1361 1464 1420 vim
1492 1362 1741 1437 allatam,
1770 1361 1935 1420 multi
1957 1379 2090 1419 con-

288 1451 607 1531 currerant,
657 1457 862 1534 quibus
914 1460 1028 1518 tale
1083 1458 1308 1516 facinus
1361 1458 1715 1533 displicebat.
1815 1457 1898 1514 Hi
1948 1456 2089 1514 salsa

288 1553 615 1631 suspicione
669 1554 847 1627 ducti,
903 1555 1270 1617 immerentes
1323 1566 1387 1612 ut
1440 1554 1772 1617 sceleratos,
1794 1552 2084 1611 occidunt.

287 1651 483 1730 Hujus
513 1651 584 1709 de
611 1662 790 1710 morte
819 1664 881 1709 ut
915 1649 1108 1728 palam
1151 1653 1367 1710 facturn
1410 1661 1515 1722 est,
1560 1649 1891 1708 mirabiliter
1933 1650 2088 1725 vulgi

286 1758 508 1805 mutata
532 1759 619 1804 est
664 1748 941 1805 voluntas,
1026 1746 1181 1803 Nam
1224 1746 1322 1821 qui
1369 1746 1558 1803 vivum
1605 1765 1738 1803 eum
1785 1755 2089 1822 tyrannum
2133 1746 2204 1803 15

287 1842 626 1912 vocitatam,
656 1841 831 1897 iidem
873 1842 1225 1898 liberatorem
1251 1843 1468 1916 patriae
1519 1843 1859 1917 tyrannique
1905 1843 2091 1917 expul-

289 1956 465 1994 sorem
486 1936 890 2010 praedicabant.
976 1935 1079 1992 Sic
1096 1933 1285 1992 subito
1306 1935 1697 1992 misericordia
1714 1936 1848 1993 odio
1868 1956 2092 1994 succes-

292 2043 463 2103 serat,
493 2042 555 2088 ut
581 2050 713 2088 eum
751 2020 854 2091 suo
900 2031 1201 2110 sanguine,
1252 2032 1302 2090 si
1349 2043 1599 2110 possent,
1646 2033 1718 2091 ab
1760 2034 2089 2093 Acheronte

293 2140 569 2207 cuperent
597 2129 893 2200 redimere.
975 2130 1178 2206 Itaque
1207 2130 1268 2188 in
1316 2131 1478 2203 urbe,
1522 2129 1896 2189 celeberrimo
1941 2130 2085 2204 loco,

291 2227 476 2284 elatus
502 2224 755 2302 publice,
785 2227 1032 2304 sepulcri
1059 2239 1432 2286 monumento
1459 2227 1703 2287 donatus
1729 2239 1831 2285 est.
1914 2227 2086 2286 Diem
2123 2228 2201 2286 20

290 2322 431 2396 obiit
452 2322 680 2382 circiter
699 2342 877 2382 annos
894 2324 1308 2401 quinquaginta
1328 2324 1578 2400 quinque
1599 2336 1796 2395 natus3
1825 2337 2088 2400 quartum

184 2412 188 2417 ’
290 2416 416 2493 post
444 2435 678 2493 annum,
707 2419 878 2495 quam
905 2440 978 2478 ex
1005 2421 1401 2496 Peloponneso
1429 2420 1489 2478 in
1538 2421 1799 2479 Siciliam
1824 2422 2084 2480 redierat.

734 2879 846 2937 XI.
934 2877 1653 2936 IPHICRATES.

368 3092 414 3150 I.
498 3059 817 3168 Iphicrates
844 3091 1209 3148 Atheniensis
1241 3109 1358 3149 non
1405 3102 1521 3148 tam
1563 3087 1958 3165 magnitudine
2000 3080 2085 3148 re-

293 3209 416 3247 rum
442 3200 751 3265 gestarum,
779 3186 949 3263 quam
991 3187 1294 3264 disciplina
1337 3187 1568 3246 militari
1610 3185 1938 3246 nobilitatus
1975 3189 2080 3245 est.

294 3285 429 3344 Fuit
454 3286 609 3343 enirn
630 3285 762 3345 talis
792 3286 926 3358 dux,
955 3298 1018 3344 ut
1044 3306 1159 3344 non
1189 3283 1378 3343 solum¹
1416 3283 1597 3343 aetatis
1644 3302 1760 3341 suae
1803 3305 1936 3346 cum
1970 3287 2081 3363 pri·
2118 3285 2196 3343 25

294 3383 401 3440 mis
454 3392 897 3459 compararetur,
946 3384 1046 3440 sed
1091 3403 1164 3441 ne
1208 3383 1280 3439 de
1327 3380 1635 3457 majoribus
1676 3395 1815 3441 natu
1851 3384 2079 3459 quidem

292 3480 587 3555 quisquam
642 3489 1094 3557 anteponeretur.
1199 3477 1450 3536 Multum
1496 3476 1628 3535 vero
1681 3478 1740 3554 in
1795 3480 1943 3537 bello
1993 3491 2080 3537 est
