2492 4207
917 242 1269 294 DATAMES.
2018 236 2094 292 5⁷

206 404 410 463 dusrat
435 403 589 462 venit
605 423 620 472 ;
662 402 878 478 quaerit,
905 403 1110 479 quibus
1131 404 1274 461 locis
1308 402 1380 461 sit
1422 403 1623 480 Aspis3
1666 404 1978 481 cognoscit,

206 500 364 559 haud
386 497 558 576 longe
589 499 803 572 abesse,
829 499 1257 576 profectumque
1278 514 1410 556 eum
1431 511 1707 557 venatum.
1786 498 1982 561 Quem

204 595 346 654 dum
372 595 715 672 speculatur,
743 595 1016 653 adventus
1044 594 1168 671 ejus
1193 613 1371 654 causa
1390 595 1762 671 cognoscitur.
1843 596 1984 653 Pisi-

203 691 474 759 das—cum
502 691 591 763 iis,
618 711 753 766 quos
780 710 975 749 secum
1003 691 1268 765 habebat,
1298 692 1369 750 ad
1411 690 1784 750 resistendum
1810 692 1984 769 Aspis

203 798 517 863 comparat.
598 787 667 844 Id
694 786 1087 846 Datamesubi
1110 787 1342 861 audivit,
1362 806 1520 847 arma
1534 787 1725 860 sumit,
1747 807 1983 864 suosque
2020 791 2061 846 5

203 882 372 957 sequi
419 883 614 959 jubet:
657 883 775 960 ipse
826 903 971 960 equo
1018 883 1302 943 concitato
1356 884 1426 941 ad
1478 884 1699 941 hostem
1749 884 1982 942 vehitur.

201 976 405 1039 Quem
453 979 664 1057 procul*
690 979 864 1057 Aspis
911 978 1269 1056 conspiciens
1310 980 1382 1039 ad
1409 998 1470 1038 se
1500 979 1796 1051 serentem,
1822 979 1987 1056 perti-

201 1073 428 1147 mescit,
452 1086 618 1150 atque
640 1095 674 1133 a
699 1088 909 1135 conatu
936 1075 1234 1134 resistendi
1281 1075 1599 1148 deterritus,
1646 1094 1771 1132 sese
1814 1074 1986 1132 dedit.

204 1158 389 1251 ‚Hunc
442 1169 718 1231 Datames
770 1172 1024 1231 vinctum
1077 1173 1148 1229 ad
1192 1171 1417 1248 Regem
1459 1171 1783 1229 ducendum
1818 1170 1989 1228 tradit

208 1264 550 1331 Mithridati.
742 1288 749 1296 ·
2030 1266 2102 1324 10

286 1361 357 1418 V.
439 1362 585 1420 Haec
633 1362 770 1420 dum
811 1376 1101 1439 geruntur,
1147 1364 1494 1421 Artaxerxes
1533 1361 1925 1433 reminiscens,
1956 1379 1990 1417 a

202 1467 421 1531 quanto
445 1457 615 1530 bello,
658 1458 729 1514 ad
770 1455 936 1532 quam
981 1478 1210 1534 parvam
1257 1478 1378 1516 rem
1418 1455 1732 1534 principem
1776 1456 1986 1514 ducum

200 1551 471 1625 misisset,
500 1572 562 1611 se
585 1553 702 1629 ipse
729 1553 1108 1630 reprehendit,
1146 1566 1203 1612 et
1228 1552 1496 1611 nuntium
1550 1554 1621 1608 ad
1674 1548 1987 1610 exercitum

202 1647 374 1706 Acen
401 1648 574 1722 misit,
601 1647 748 1726 quod
779 1651 1033 1708 nondum
1061 1649 1365 1709 Datame-m
1386 1645 1703 1721 profectum
1729 1645 1985 1722 putabat,

178 1742 300 1817 ·qui
327 1743 564 1815 diceret,
592 1764 666 1800 ne
696 1745 770 1798 ab
793 1744 1050 1802 exercitu
1092 1740 1426 1799 discederet.
1508 1739 1626 1798 Hic.
1660 1740 1986 1817 priusquam
2031 1743 2103 1799 15

199 1837 543 1913 perveniret,
571 1834 683 1912 quo
710 1848 833 1895 erat
859 1836 1165 1913 profectus,
1208 1837 1268 1893 in
1316 1836 1516 1893 itinere
1563 1835 1849 1908 convenit,
1891 1838 1987 1912 qui

94 1934 98 1941 ’
200 1933 413 2009 Aspim
439 1931 745 1989 ducebant.
821 1930 964 1993 Qua.
990 1931 1280 1989 celeritate
1307 1948 1480 2005 quum
1501 1949 1764 2007 magnam
1786 1931 1990 1988 benev-

119 2102 126 2110 ·
200 2027 479 2085 olentiam
506 2025 690 2101 Regis
715 2024 986 2086 Datames
1012 2037 1354 2084 consecutus
1380 2036 1547 2098 esset,
1576 2046 1690 2085 non
1709 2027 1987 2103 minorem

202 2123 482 2182 invidiam
511 2121 820 2196 aulicorum
849 2121 1092 2199 excepit,
1108 2122 1206 2198 qui
1227 2122 1388 2181 illum
1407 2142 1584 2181 unum
1600 2124 1797 2201 pluris,
1816 2122 1986 2200 qudm

206 2239 269 2277 se
310 2237 528 2291 omnes,
582 2216 704 2275 fieri
745 2217 1026 2277 videbant.
1080 2281 1084 2288 ,
1126 2218 1266 2281 Quo
1313 2220 1462 2279 facto
1506 2219 1704 2278 cuncti
1744 2221 1816 2277 ad
1856 2239 1988 2277 eum
2024 2220 2104 2277 20

206 2314 640 2392 opprimendum
701 2327 1128 2374 consenserunt.
1235 2315 1380 2374 Haec
1449 2315 1756 2388 Pandates‚
1824 2335 1986 2392 gazae

210 2422 400 2470 custos
446 2401 670 2486 Regiae,
714 2411 929 2468 amicus
972 2410 1221 2483 Datami,
1267 2412 1579 2488 perscripta
1627 2411 1682 2469 ei
1709 2411 1900 2483 mittit,
1929 2413 1989 2470 in

211 2505 415 2581 quibus
440 2505 629 2577 docet,
656 2524 774 2562 eum
798 2524 1001 2579 magno
1010 2503 1147 2581 fore
1163 2508 1439 2583 periculo,
1466 2508 1519 2570 si
1545 2505 1687 2584 quid
1709 2506 1851 2563 illo
1825 2525 1989 2582 tmpe-

211 2611 376 2660 rante
401 2602 463 2658 in
489 2599 760 2677 AEgypto
782 2599 1004 2666 adversi
1032 2602 1340 2661 accidisset.
1422 2602 1679 2680 Namque
1715 2621 1835 2660 eam
1874 2621 1990 2660 esse

212 2697 658 2756 consuetudinem
683 2697 917 2772 regiam,
944 2706 1007 2755 ut
1034 2717 1193 2756 casus
1234 2699 1492 2759 adversos
1538 2698 1845 2758 bantinibus
1887 2699 1990 2755 tri-
2025 2699 2105 2755 25

181 2779 184 2782 .
213 2795 411 2866 buant,
440 2794 700 2852 secundos
709 2792 969 2871 fortunar
995 2814 1144 2851 suoe:
1183 2795 1460 2873 quofieri,
1488 2804 1551 2854 ut
1569 2792 1762 2872 facile
1803 2794 1990 2870 impel-

215 2891 411 2949 lantur
437 2889 519 2947 ad
539 2910 720 2948 eorum
735 2891 1062 2967 perniciem,
1088 2909 1315 2966 quorum
1335 2891 1505 2952 ductu
1531 2910 1617 2949 res
1644 2887 1786 2948 mal&
1812 2896 1997 2964 gesta

216 2988 579 3047 nuntientur.-
618 2987 770 3045 illum
795 2986 898 3046 Ιιὸο
940 2985 1145 3062 mcy'ore
1168 2984 1307 3063 fore
1346 2988 1409 3044 in
1444 2987 1782 3059 discrimine,
1820 2981 1990 3061 qnod,

219 3084 416 3160 quibus
443 3082 573 3141 Rez
616 3081 849 3141 maxime
896 3082 1136 3155 obediat,
1184 3102 1272 3140 eos
1315 3083 1516 3141 habeat
1560 3082 1987 3140 inimicissimos.

220 3179 463 3242 Talibus
508 3180 605 3240 ille
644 3179 847 3239 litteris
892 3178 1157 3256 cognitis,
1194 3198 1368 3257 quum
1404 3181 1523 3257 jam
1567 3180 1637 3237 ad
1676 3178 1990 3238 exercitum
2028 3179 2107 3235 30

225 3277 391 3335 Acen
416 3276 680 3350 venisset,
707 3274 861 3353 quod
888 3294 1002 3335 non
1030 3276 1329 3352 ignorabat
1353 3295 1424 3335 ea
1452 3273 1595 3352 *vere
1628 3267 1869 3352 scripta,
1898 3275 1993 3333 de-

225 3373 470 3449 sciscere
490 3391 524 3430 a
537 3372 703 3450 Rege
721 3370 1029 3432 constituit.
1098 3371 1301 3449 Neque
1318 3382 1508 3430 tamen
1521 3368 1821 3445 quicquam
1836 3369 1991 3440 fecit,

225 3469 373 3545 quod
396 3467 512 3527 fide
538 3468 643 3527 sust
663 3480 814 3528 esset
841 3467 1154 3544 indignum.
1236 3466 1391 3524 Nam
1418 3464 1810 3525 Mandroclem
1832 3464 1994 3541 Mag-
