2492 4207
295 203 374 267 52
1084 207 1519 259 Tmo'rneus.

410 374 564 431 enim
591 372 851 444 disertuS,
882 370 1139 449 impiger,
1167 369 1497 447 laboriosuS,
1535 367 1618 427 rei
1658 368 1917 433 militaris
1951 369 2191 446 peritus,

411 487 594 543 neque
660 464 850 524 minus
911 449 1153 527 ciritatis
1204 465 1486 542 regendae.
1594 463 1781 523 Multa
1832 464 2003 541 hujus
2055 477 2192 525 sunt

362 566 389 593 ³
407 561 677 639 praeclare
700 563 870 635 facta,
899 562 999 620 sed
1036 562 1161 618 haec
1186 559 1434 618 maxime
1463 560 1716 619 illustria.
1798 559 2104 637 Olynthios
2130 572 2189 623 et

412 646 720 734 Byzantios
746 659 895 717 bello
921 658 1162 734 subegit.
1246 657 1482 714 Samum
1510 656 1680 734 cepit,
1728 656 1788 714 in
1828 656 1941 733 quii
1980 675 2194 734 oppug-

332 756 373 811 5
410 755 603 814 nanda
655 754 939 831 superiore
991 754 1139 813 bello
1191 752 1577 811 Athenienses
1629 753 1792 823 mille,
1832 765 1893 833 ⁴et
1944 753 2196 824 ducenta

409 849 624 908 talenta
665 860 1145 926 consumpserant.
1229 848 1299 906 Id
1347 849 1441 907 ille
1489 848 1612 906 sine
1659 849 1777 908 ulla
1815 848 2047 926 publica
2093 848 2194 908 im-

409 946 586 1021 pensa
611 948 817 1024 populo
868 944 1128 1004 restituit.
1211 943 1533 1003 Adversum
1585 943 1772 1021 Cotyn
1811 945 1960 1003 bella
1995 944 2195 1021 gessit,

411 1041 483 1098 ab
529 1060 708 1118 eoque
749 1041 901 1099 mille
948 1053 1007 1099 et
1046 1042 1297 1099 ducenta
1339 1042 1554 1100 talenta
1577 1041 1781 1117 praedae
1811 1040 1870 1098 in
1896 1039 2194 1117 publicum

411 1137 618 1196 retulit.
728 1136 1011 1212 Cyzicum
1064 1136 1362 1196 obsidione
1429 1135 1703 1194 liberavit.
1811 1133 2194 1199 Ariobarzani

301 1231 374 1289 10
412 1232 577 1290 simul
605 1250 736 1289 cum
765 1231 1036 1308 Agesilao
1080 1231 1290 1290 auxilio
1330 1232 1618 1308 profectus
1652 1242 1771 1289 est:
1813 1249 1849 1287 a
1872 1247 1984 1305 quo
2021 1246 2196 1303 quum

412 1325 569 1385 Laco
608 1326 911 1401 pecuniam
959 1338 1313 1384 numeratam
1355 1326 1689 1404 accepisset,
1732 1326 1826 1384 ille
1871 1324 2025 1382 cives
2064 1342 2197 1387 suos

360 1446 363 1449 ·
414 1440 547 1498 agro
601 1432 765 1496 atque
813 1421 1048 1479 urbibus
1103 1420 1298 1498 augeri
1345 1420 1564 1494 maluit,
1618 1421 1789 1497 quam
1837 1421 1897 1479 id
1948 1437 2194 1492 sumere,

409 1516 575 1592 cujus
598 1529 813 1593 partem
843 1517 1073 1576 domum
1102 1536 1263 1575 suam
1290 1516 1434 1574 ferre
1455 1528 1660 1593 posset.
1744 1517 1946 1595 Itaque
1975 1514 2197 1591 accepit

411 1611 707 1671 Crithoten
735 1625 793 1671 et
821 1614 1065 1673 Sestum.
1867 1660 1868 1663 η

298 1707 370 1765 15
486 1705 567 1764 II.
648 1707 828 1779 Idem4
865 1708 1033 1781 classi
1083 1707 1389 1785 praefectus
1440 1700 1871 1769 circumyehens
1919 1703 2194 1781 Pelopon-

410 1821 629 1874 nesum,
678 1804 1007 1860 Laconicen
1059 1802 1390 1877 populatus„
1431 1800 1671 1858 classem
1717 1818 1912 1857 eorum
1960 1799 2194 1876 fugavit.

409 1895 717 1971 Corcyram
745 1899 853 1955 sub
881 1896 1179 1972 imperium
1227 1894 1669 1954 Atheniensium
1695 1893 1950 1972 redegit:
1991 1896 2196 1971 socios·

410 2012 518 2067 que
547 1991 698 2048 idem
727 1991 985 2067 adjunxit
1010 1990 1294 2067 Epirotas,
1325 1992 1700 2063 AthamanaS,
1745 1990 2032 2065 Chaonas,
2079 2011 2196 2051 om·

411 2107 624 2162 nesque
652 2107 749 2144 eas
775 2097 994 2162 gentes,
1023 2103 1147 2159 quae
1169 2105 1327 2143 mare
1356 2084 1493 2141 illud
1518 2086 1796 2160 adjacent.
1877 2085 2015 2148 Quo
2043 2087 2194 2147 facto

295 2184 374 2242 20
413 2179 834 2239 Lacedaemonii
870 2180 941 2236 de
969 2173 1193 2235 diutina
1214 2177 1579 2240 contentione
1620 2177 1976 2253 destiterunt,
2004 2192 2062 2237 et
2088 2182 2194 2240 sua

415 2286 613 2353 sponte
642 2272 1092 2331 Atheniensibus
1113 2271 1336 2348 imperii
1363 2271 1630 2330 maritimi
1655 2271 2037 2349 principatum
2059 2293 2194 2334 con-

412 2381 742 2439 cesserunt3
807 2387 1118 2445 pacemque
1186 2367 1276 2425 his
1343 2367 1564 2445 legibus
1632 2368 2068 2452 constituerunt,
2130 2383 2195 2430 ut

415 2465 800 2526 Athenienses
846 2463 989 2522 mari
1015 2463 1207 2522 duces
1255 2475 1461 2522 essent.
1542 2463 1695 2526 Quae
1742 2464 1980 2525 victoria
2020 2478 2193 2526 tantae

414 2562 520 2623 fuit
546 2560 757 2620 Atticis
795 2558 1023 2632 laetitiae,
1071 2569 1135 2617 ut
1180 2569 1301 2617 tum
1342 2556 1586 2636 primum
1636 2577 1745 2616 arae
1786 2577 1921 2615 mor
1963 2543 2206 2636 publice

298 2662 378 2719 25
416 2659 531 2718 sint
572 2658 756 2729 factae,
798 2654 965 2730 'eique
1010 2654 1131 2713 deae
1156 2654 1430 2731 ‘pulvinar
1476 2654 1550 2714 sit
1595 2654 1930 2713 institutum.
2012 2656 2193 2733 Cujus

321 2817 329 2824 ,
415 2753 601 2813 laudis
626 2764 689 2810 ut
715 2750 985 2809 memoria
1020 2762 1293 2824 maneret,
1337 2750 1644 2810 Timotheo
1678 2751 1810 2827 publ
1818 2748 1907 2809 ic&
1951 2763 2192 2812 statuam

419 2851 476 2909 in
504 2851 622 2909 foro
647 2856 970 2925 posuerunt.
1050 2845 1174 2908 Qui
1200 2846 1381 2905 honos
1407 2846 1544 2904 huic
1564 2845 1666 2903 uni
1689 2856 1819 2904 ante
1840 2847 1950 2906 hoc
1971 2858 2191 2925 tempus

417 2944 673 3022 contigit,
702 2954 783 3016 ut,
811 2960 983 3020 quum
1009 2935 1155 3019 patri
1180 2943 1421 3019 populus
1460 2952 1703 3000 statuam
1741 2941 2037 3018 posuisset,
2074 2941 2189 3002 filio

417 3031 636 3116 qu'oque
682 3039 859 3097 daret.
941 3037 1041 3096 Sic
1077 3036 1241 3114 juxta
1286 3037 1469 3115 posita
1519 3055 1720 3095 recens
1771 3036 1894 3112 filii,
1941 3049 2182 3096 veterem

303 3136 381 3193 30
417 3133 593 3211 patris
613 3133 901 3192 renovavit
920 3132 1269 3204 memoriam.
1323 3129 1326 3132 ’

496 3227 611 3285 III.
690 3228 807 3287 Hic
859 3247 1032 3304 quum
1085 3238 1234 3287 esset
1285 3245 1493 3304 magno
1544 3239 1702 3301 natu,
1729 3239 1787 3287 et
1826 3226 2187 3303 magistratus

420 3342 616 3401 gerere
642 3322 899 3398 desisset,
926 3324 1075 3383 bello
1117 3321 1502 3382 Athenienses
1543 3317 1792 3400 undique
1835 3321 2015 3399 premi
2056 3337 2190 3383 sunt

420 3418 607 3497 ccepti.
713 3417 1018 3479 Defecerat
1088 3419 1294 3478 Samus
1325 3440 1339 3490 ;
1407 3418 1686 3478 descierat
1741 3416 2184 3495 Hellespontus;

166 3839 483 3988 ‘x
