2492 4207
344 229 421 284 50
1004 290 1008 293 ,
1158 233 1528 283 CHABRIAS.

460 408 546 454 est
572 414 758 468 ausuS‚
788 413 1028 470 suosque
1050 394 1168 471 jam
1190 386 1542 470 incurrentes
1563 390 1699 449 tuba
1718 389 2016 448 revocavit.
2102 390 2230 450 Hoc

458 509 632 566 usque
658 489 727 547 eo
756 491 874 549 tota
902 488 1125 546 Graecifi.
1153 488 1305 545 sama
1331 487 1675 545 celebratum
1713 497 1816 558 est,
1846 497 1907 543 ut
1950 484 2047 544 illo
2085 498 2228 544 statu

457 585 734 643 Chabrias
761 584 870 643 sibi
897 595 1138 642 statuam
1168 582 1289 640 fieri
1332 581 1588 654 voluerit,
1615 599 1737 656 quae
1783 579 2013 655 publice
2058 576 2116 638 ei
2163 583 2229 639 ab

459 680 905 739 Atheniensibus
946 679 1005 737 in
1055 680 1191 741 foro,
1214 677 1521 736 constituta
1547 688 1647 747 est,
1728 676 1837 744 Ex¹
1859 695 1971 751 quo
2017 677 2227 735 factum

377 777 416 831 5
455 788 560 848 est,
589 787 649 834 ut
675 789 871 852 postea
897 775 1118 833 athletae
1156 773 1457 848 caeterique
1498 771 1741 830 artifices
1767 770 1856 829 his
1889 772 2130 830 statibus
2169 772 2224 829 in

455 872 653 930 statuis
694 871 971 948 ponendis
1018 881 1329 943 uterentur,
1374 868 1433 925 in
1475 867 1678 943 quibus
1721 866 2013 951 victoriam
2041 878 2228 926 essent

456 967 659 1042 adepti.
1350 956 1351 959 ¹

530 1062 610 1119 II.
693 1061 972 1120 Chabrias
1000 1073 1187 1120 autem
1215 1061 1392 1119 multa
1418 1059 1476 1116 in
1506 1057 1735 1134 Europa
1771 1058 1930 1115 bella⁴
1965 1057 2226 1115 adminis-

452 1158 636 1230 travit,
684 1144 856 1233 quum
903 1158 1019 1214 dux
1066 1155 1507 1215 Atheniensium
1535 1166 1716 1224 esset3
1760 1154 1818 1210 in
1849 1153 2096 1231 AEgypto
2122 1153 2226 1210 sua
2270 1176 2271 1179 ¹

312 1248 415 1310 'lo
455 1264 652 1328 sponte
702 1252 893 1328 gessit.
997 1252 1150 1310 Nam
1197 1251 1257 1308 N
1259 1250 1561 1309 ectanabin
1618 1249 1870 1326 adjutum
1921 1249 2223 1324 profectuS,

454 1365 691 1424 regnum
720 1348 773 1404 ei
818 1347 1125 1406 constituit.
1208 1345 1374 1404 Fecit
1421 1345 1571 1402 idem
1613 1343 1809 1420 Cypri,
1853 1344 1950 1401 sed
1997 1341 2223 1419 publice

453 1442 523 1499 ab
550 1442 1001 1501 Atheniensibus
1028 1442 1301 1519 Evagorae
1331 1441 1550 1516 adjutor
1577 1439 1759 1498 datus.
1840 1438 2042 1514 Neque
2073 1436 2224 1515 prius

453 1537 585 1595 inde
613 1538 893 1611 discessit,
935 1536 1104 1614 quam
1158 1548 1334 1595 totam
1382 1536 1624 1594 insulam
1677 1534 1826 1592 bello
1867 1535 2223 1623 devinceret:

452 1634 563 1709 quii
594 1655 667 1693 ex
707 1655 769 1694 re
802 1633 1200 1692 Athenienses*
1238 1648 1503 1709 magnam
1557 1631 1797 1707 gloriam
1843 1641 1972 1687 sunt
2019 1629 2223 1704 adepti.

342 1714 413 1785 15
452 1728 689 1787 Interim
716 1730 925 1787 bellum
954 1716 1099 1786 inter
1128 1727 1427 1805 AEgyptios
1453 1737 1511 1784 et
1537 1726 1740 1784 Persas
1780 1724 2079 1784 conflatum
2115 1735 2221 1780 est.

453 1825 837 1893 Athenienses
866 1845 997 1883 cum
1046 1826 1363 1884 Artaxerxe
1404 1822 1731 1882 societatem
1761 1821 2076 1890 habebant3
2119 1819 2226 1877 La-

452 1921 802 1981 oedaemonii'
828 1941 958 1980 cum
1013 1921 1332 1999 AEgyptiis:
1394 1938 1428 1977 a
1478 1914 1683 1993 quibus
1727 1937 1962 1994 magnas
2010 1917 2224 1993 praedas

449 2016 773 2090 Agesilaus,
802 2035 902 2073 rex
944 2035 1159 2086 eorum,
1203 2015 1465 2073 faciebat.
1549 2014 1617 2071 Id
1667 2013 1892 2071 intuens
1929 2013 2222 2085 ChabriaS,

450 2128 623 2184 quum
672 2110 731 2166 in
784 2128 845 2166 re
898 2109 1056 2165 nulla
1110 2110 1383 2185 Agesilao
1435 2111 1682 2182 cederet,
1735 2108 1838 2165 sua
1884 2120 2086 2183 sponte
2130 2128 2223 2166 eos

334 2205 411 2261 20
452 2204 705 2279 adjutum
732 2204 1018 2279 'profectus
1046 2203 1332 2280 AEgyptiae
1374 2206 1542 2261 classi
1588 2203 1827 2282 praefuit,
1869 2203 2224 2278 pedestribus

451 2298 632 2375 copiis
670 2298 994 2374 Agesilaiis.
1147 2286 1155 2299 ⁹

525 2392 639 2451 111.
721 2393 877 2451 Tum
918 2393 1171 2469 praefecti
1214 2394 1398 2471 Regis
1441 2395 1649 2453 Persiae
1691 2395 1903 2471 legatos
1949 2394 2221 2453 miserunt

450 2490 711 2547 Athenas
737 2500 1016 2565 questum,
1044 2487 1195 2564 quod
1225 2489 1505 2559 Chabrias
1528 2488 1828 2548 'adversum
1857 2490 2082 2565 Regem
2109 2489 2221 2547 bel-

448 2584 566 2640 lum
593 2595 814 2659 gereret
840 2601 970 2640 cum
1000 2583 1301 2660 AEgyptiis.
1383 2583 1768 2643 Athenienses
1816 2585 1964 2643 diem
2009 2596 2217 2643 certam

333 2678 411 2734 25
451 2677 713 2735 Chabriae
739 2677 1177 2753 praestituerunt,
1200 2698 1371 2754 ,quam
1402 2690 1533 2738 ante
1560 2680 1790 2738 domum
1818 2681 1929 2738 nisi
1965 2681 2217 2753 redisset,

449 2772 651 2851 capitis
697 2792 764 2831 >se
822 2772 979 2830 illum
1034 2774 1399 2833 damnaturos
1440 2775 1863 2834 denuntiarunt.
1930 2765 2076 2835 ¹Hoc
2129 2777 2218 2834 ille

448 2870 647 2928 nuntio
687 2870 945 2926 Athenas
991 2869 1189 2940 rediit;
1231 2888 1415 2945 neque
1457 2870 1544 2927 ibi.
1579 2870 1787 2929 diutius
1826 2884 1913 2932 est
1953 2883 2219 2944 moratuS,

446 2962 614 3038 quam
644 2964 748 3023 fuit
773 2973 1023 3022 necesse.
1106 2963 1241 3023 Non
1268 2966 1422 3024 euim
1449 2965 1689 3024 libenter
1715 2980 1835 3026 erat
1863 2979 1994 3026 ante
2027 2968 2221 3026 oculos

448 3056 656 3116 civium
686 3078 949 3128 suorum3
989 3057 1141 3134 quod
1187 3072 1244 3119 et
1298 3060 1518 3119 vivebat
1569 3060 1744 3134 laute,
1787 3073 1844 3120 et
1890 3062 2222 3138 indulgebat

334 3153 410 3211 30
449 3152 557 3210 sibi
583 3151 891 3227 liberalius,
920 3153 1091 3230 quam
1118 3167 1180 3213 ut
1217 3156 1485 3213 invidiam
1527 3155 1682 3233 vulgi
1722 3171 1910 3233 posset
1952 3158 2217 3234 effugere.

449 3246 554 3305 Est
605 3247 757 3304 enim
810 3250 917 3308 hoc
972 3268 1272 3308 commune
1320 3250 1517 3309 vitium
1564 3250 1624 3307 in
1670 3251 1891 3327 magnis
1917 3251 2221 3332 liberisque

448 3341 787 3414 civitatibus,
836 3357 898 3402 ut
950 3343 1162 3402 invidia
1202 3344 1393 3421 gloriae
1441 3363 1630 3402 comes
1676 3344 1767 3414 sit,
1795 3356 1853 3401 et
1879 3344 2123 3405 libenter
2150 3347 2221 3403 de

449 3438 536 3497 his
563 3438 879 3511 detrahant,
907 3458 1045 3508 quos
1072 3438 1322 3498 eminere
1349 3439 1575 3497 videant
1603 3437 1790 3514 altius,
1819 3458 2003 3515 neque
2033 3441 2221 3517 animo
