2492 4207
961 264 1374 326 MILTIADEs.
2135 270 2176 326 5

264 438 581 513 loquentes,
625 433 725 513 qui
769 435 974 494 Asiam
1017 436 1358 510 incolerent,
1401 438 1508 495 sub
1554 439 1660 496 sua
1704 414 2060 498 retenturum

192 610 198 616 ι
263 543 568 610 potestate,
597 533 648 591 si
664 532 865 590 amicis
882 531 1001 590 suis
1019 532 1233 609 oppida
1249 533 1467 591 tuenda
1485 533 1829 608 tradidisset,
1852 535 2060 611 quibus

262 648 327 687 se
352 648 626 707 oppresso
649 628 810 687 nulla
835 648 966 705 spes
992 629 1192 688 salutis
1218 628 1650 709 relinqueretur.
1730 629 1804 688 In
1826 631 1938 690 hoc
1954 616 2071 690 fuit

262 736 388 783 tum
440 738 681 782 numero
735 723 1063 797 Miltiades,
1105 724 1202 782 cui
1253 724 1352 783 illa
1405 724 1669 783 custodia
1712 727 2057 786 crederetur.

264 817 388 878 Hic
409 838 585 895 quum
612 818 799 880 crebri
840 820 1109 879 afferrent
1131 820 1345 895 nuntii,
1372 819 1524 879 male
1553 840 1676 880 rem
1710 840 1909 898 gerere
1945 823 2062 882 Da·
2097 826 2138 882 5

261 916 416 974 rium
439 916 734 994 premique
755 918 828 975 ab
856 917 1110 994 Scythis,
1137 916 1433 977 Miltiades
1480 919 1738 976 hortatus
1764 930 1852 977 est
1869 920 2060 995 pontis

262 1015 551 1088 custodes,
594 1033 669 1072 ne
718 1032 757 1073 a
805 1015 1035 1077 fortuna
1085 1003 1278 1073 datam
1328 1014 1697 1074 occasionem
1751 1015 2060 1074 liberandae

261 1108 505 1167 Graeciae
526 1109 896 1169 dimitterent.
977 1108 1133 1168 Nam
1149 1111 1351 1168 sicum
1372 1111 1463 1168 his
1479 1110 1682 1187 copiis,
1705 1129 1846 1187 quas
1862 1129 2060 1171 secum

263 1216 761 1281 transportaverat,
789 1204 1080 1266 interisset
1120 1205 1354 1280 Darius,
1397 1226 1514 1265 non
1542 1205 1727 1266 solum
1771 1207 2062 1285 Europam

266 1300 384 1358 fore
411 1311 615 1376 tutam,
644 1302 747 1360 sed
774 1298 951 1383 etiarn
975 1321 1093 1376 eos,
1134 1302 1234 1379 qui
1272 1303 1476 1361 Asiam
1513 1302 1831 1363 incolerent
1868 1302 2062 1362 Graeci
2105 1305 2177 1362 10

264 1392 498 1472 genere,
522 1397 735 1456 liberos
762 1416 796 1454 a
820 1396 1124 1457 Persarum
1152 1398 1790 1461 futurosdominatione
1818 1410 1878 1457 et
1912 1399 2060 1476 peri-

265 1492 413 1550 cu10.
500 1491 584 1549 ld
639 1491 810 1551 facile
864 1480 1017 1551 effici
1068 1490 1255 1570 posse.
1353 1494 1535 1553 Ponte
1589 1494 1746 1552 enim
1791 1494 2055 1569 rescisse,

264 1587 496 1666 Regem
525 1589 615 1649 vel
642 1589 888 1649 hostium
918 1591 1183 1655 ferrovel
1212 1589 1407 1666 inopia
1433 1591 1636 1667 paucis
1662 1590 1867 1649 diebus
1888 1591 2060 1651 inter-

264 1684 495 1749 iturum.
556 1686 676 1744 -Ad
704 1688 816 1745 hoc
854 1670 1161 1761 consilium
1188 1692 1381 1764 'quum
1408 1687 1664 1764 plerique
1694 1688 2058 1762 accederent,

264 1781 547 1842 Histiaeus
571 1781 857 1855 Milesius,
884 1792 960 1845 ne
988 1801 1080 1863 res
1108 1782 1508 1856 conficeretur,
1536 1783 1774 1856 obstitit,
1818 1783 2020 1842 dicens
2045 1804 2057 1841 :
2103 1785 2177 1841 15

261 1896 383 1938 non
409 1879 568 1935 idem
595 1877 753 1953 ipsis,
781 1876 878 1952 qui
905 1896 1160 1936 summas
1186 1877 1412 1953 imperii
1446 1890 1730 1950 tenerent,
1771 1879 2060 1955 expedire,

261 1985 325 2032 et
351 1971 726 2046 multitudini,
754 1966 911 2047 quod
937 1971 1102 2030 Darii
1129 1991 1311 2050 regno
1351 1972 1601 2049 ipsorum
1648 1973 1925 2033 niteretur
1966 1975 2063 2033 do-

261 2068 544 2139 minati03
585 2088 697 2145 quo
722 2069 996 2144 extincte,
1025 2067 1178 2146 ipsos
1211 2079 1494 2146 potestate
1534 2070 1799 2147 expulsos
1838 2069 2061 2129 civibus

261 2166 383 2225 suis
402 2185 605 2244 poenas
632 2168 879 2226 daturos.
963 2166 1166 2243 Itaque
1195 2164 1342 2225 adeo
1380 2186 1442 2225 se
1486 2167 1789 2226 abhorrere
1833 2187 1867 2225 a
1893 2180 2060 2227 caete-

242 2265 456 2321 ‘rorum
483 2261 745 2336 consilio,
773 2275 838 2321 ut
863 2262 1008 2320 nihil
1036 2274 1198 2339 putet
1224 2262 1363 2339 ipsis
1390 2262 1606 2336 utilius,
1634 2261 1808 2339 quam
1854 2263 2059 2323 confir·
2095 2264 2175 2321 20
2231 2255 2240 2265 ’

263 2358 410 2415 mari
435 2377 679 2435 regnum
705 2333 1028 2416 Persarum.
1111 2357 1305 2434 Hujus
1331 2377 1507 2433 quum
1549 2359 1895 2418 sententiam
1936 2360 2059 2436 plu-

262 2454 394 2512 rimi
421 2466 614 2513 essent
641 2455 846 2528 secuti,
876 2453 1179 2519 Miltiades
1216 2473 1334 2512 non
1377 2453 1666 2526 dubitans,
1708 2466 1826 2512 tam
1863 2454 2057 2513 multis

265 2550 538 2624 consciis,
568 2552 642 2608 ad
671 2550 858 2626 Regis
888 2568 1055 2607 aures
1082 2549 1325 2607 consilia
1350 2568 1455 2607 sua
1479 2561 1841 2626 perventura,
1879 2549 2058 2608 Cher-

264 2664 536 2704 sonesum
561 2643 792 2721 reliquit
819 2664 888 2703 ac
913 2663 1110 2703 rursus
1136 2645 1401 2703 Athenas
1434 2644 1789 2723 demigravit.
1873 2644 2058 2721 Cujus

263 2740 415 2800 ratio
440 2740 549 2799 etsi
588 2760 706 2799 non
733 2740 928 2813 valuit,
976 2750 1167 2798 tamen
1214 2759 1562 2818 magnopere
1610 2752 1698 2799 est
1743 2741 2054 2813 laudanda,
2094 2741 2173 2799 25

261 2855 444 2913 quum
474 2836 706 2896 amicior
726 2837 986 2897 omnium
1011 2836 1280 2911 libertati,
1318 2835 1491 2913 quam
1517 2856 1635 2895 suae
1679 2836 1851 2895 fuerit
1897 2836 2073 2942 dom·-

265 2931 547 2993 inationi.

345 3028 451 3087 IV.
536 3025 747 3086 Darius
759 3041 950 3088 autem
965 3047 1142 3104 quum
1157 3047 1230 3086 ex
1245 3028 1510 3104 Europa'
1495 3048 1555 3086 111
1573 3027 1775 3090 Asiam
1792 3026 2053 3102 redisset,

268 3125 630 3184 hortantibus
658 3124 876 3198 amicis,
903 3137 969 3184 ut
994 3125 1282 3184 Graeciam
1324 3125 1610 3201 redigeret
1646 3124 1707 3182 in
1750 3143 1913 3183 suam
1958 3145 2055 3202 po-

269 3233 552 3295 testatem,
603 3221 849 3283 classem
894 3221 1337 3301 quingentarum
1399 3222 1631 3279 navium
1687 3223 2055 3299 comparavit,
2095 3223 2173 3282 30

271 3318 435 3396 eique
474 3318 671 3378 Datim
697 3299 954 3396 praeffbcit
979 3331 1038 3378 et
1063 3319 1522 3395 Artaphernem3
1565 3317 1765 3395 hisque
1802 3320 2053 3378 ducenta

270 3416 546 3492 peditum,
575 3409 778 3474 decem
804 3413 983 3473 millia
1007 3416 1283 3491 equitum,
1311 3414 1507 3473 dedit:
1549 3434 1782 3473 causam
1820 3416 2053 3475 interse-

274 3531 424 3587 rens,
451 3533 515 3572 se
541 3514 761 3572 hostem
788 3530 914 3569 esse
943 3508 1597 3586 Atheniensibus,·qu6d
1624 3532 1822 3571 eorum
1845 3512 2054 3570 auxilio
2095 3575 2096 3578 Ἴ

666 3608 764 3667 1*
