2492 4207
279 260 397 328 124ι
858 268 919 316 T.
956 265 1361 316 POMPONIUS
1395 264 1717 315 ATTICUS.

388 448 520 486 cum
548 447 617 486 eo
645 428 709 485 L.
738 427 1076 486 Cornelium
1124 426 1388 498 Balbum,
1420 427 1772 502 Sextumque
1818 426 2183 486 Peducaeum.

390 523 514 583 Hos
562 536 622 581 nt
675 523 900 581 venisse
955 522 1115 592 vidit,
1172 522 1231 579 in
1287 521 1544 580 cubitum
1586 522 1855 593 innixus3
1896 504 2184 599 quantam,
2221 531 2230 540 “

389 619 589 693 inquit,
618 637 810 676 euram
848 618 1310 693 diligentiamque
1351 618 1414 673 in
1456 617 1775 690 valetudine
1816 617 1935 675 med
1977 617 2182 676 tuendd

388 716 486 772 hoc
508 724 749 791 tempore
778 714 1144 783 adhibuerim,
1188 732 1354 789 quum
1395 732 1491 770 vos
1527 722 1708 784 ¹testes
1752 713 2002 786 habeam,
2043 713 2193 794 nihil

310 812 350 869 5
388 830 598 868 neeesse
625 819 721 868 est·
722 793 986 887 pluribus
1028 809 1209 876 verbis
1267 827 1693 867 commemorare.
1786 808 2011 878 Quibus
2060 823 2187 886 quo*

389 906 561 979 niam,
589 915 653 963 ut
680 925 858 983 spero,
907 903 1184 980 satisfeci,
1226 923 1308 961 me
1355 904 1502 960 nihil
1538 904 1745 981 reliqui
1771 903 2009 981 fecisse,
2044 904 2192 981 quod

389 1002 469 1058 ad
517 1002 828 1059 sanandum
878 1019 959 1059 me
1002 1001 1335 1077 pertineret,
1383 1000 1655 1073 reliquum
1708 1009 1810 1073 est,
1865 1009 1928 1076 ut
1980 1009 2190 1075 egomet

386 1097 524 1154 milii
551 1098 848 1155 consulam.
932 1096 1013 1153 Id
1032 1115 1126 1153 vos
1149 1096 1418 1170 ignorare
1446 1094 1615 1153 nolui.
1698 1095 1856 1152 Nam
1881 1096 2020 1153 mihi
2047 1104 2204 1167 stat,

354 1237 358 1242 .
390 1193 536 1260 alere
582 1192 825 1256 morbum
871 1192 1135 1249 desinere.
1218 1191 1486 1267 Namque
1532 1191 1620 1248 liis
1668 1190 1859 1249 diebus
1914 1191 2196 1269 quidquid

280 1255 367 1346 16·
391 1289 503 1346 eibi
519 1289 876 1364 potionisque
904 1289 1137 1363 sumpsi,
1185 1287 1276 1343 ita
1307 1286 1560 1363 produzi
1596 1286 1791 1359 vitam,
1835 1296 1899 1343 ut
1941 1288 2191 1345 auxerim

364 1383 600 1441 'dolores
630 1383 748 1439 sine
791 1402 885 1458 spe
927 1382 1147 1441 salutis.
1239 1380 1439 1450 Quare
1483 1401 1522 1438 a
1563 1383 1718 1440 vobis
1750 1391 1885 1459 peto
1917 1382 2190 1460 primum,

368 1474 452 1533 'ut
494 1477 786 1536 eonsilium
814 1477 1070 1553 probetis
1118 1496 1327 1534 meum:
1367 1476 1586 1550 deinde,
1625 1498 1690 1536 ne
1720 1477 1961 1554 frustrd
2000 1478 2190 1537 dehor-

390 1572 563 1629 tando
592 1574 877 1631 conemini,
2149 1625 2152 1628 ,

455 1668 659 1738 XXII.
743 1668 877 1730 Heio
917 1669 1182 1728 oratione·
1227 1666 1424 1726 habita
1467 1669 1626 1727 tanta
1670 1669 1993 1726 constantia
2034 1668 2187 1725 vocis
2277 1695 2280 1698 Δ

278 1765 351 1821 15
392 1776 557 1839 atque
586 1764 792 1848 vultfiS,
833 1775 897 1822 ut
943 1784 1059 1824 non
1107 1783 1179 1822 ex
1206 1753 1343 1837 vita,
1379 1764 1479 1822 sed
1529 1785 1600 1822 ex
1643 1765 1809 1822 domo
1851 1764 1910 1820 in
1957 1763 2188 1820 domum

390 1861 674 1920 videretur
728 1862 993 1950 migrare,
1048 1880 1224 1937 quum
1277 1861 1507 1936 quidem
1558 1861 1816 1940 Agrippa
1867 1878 1998 1917 eum
2046 1857 2205 1917 flens'

391 1970 558 2033 atque
584 1960 852 2017 osculans
876 1970 1065 2024 oraret
1094 1970 1262 2033 atque
1305 1958 1652 2030 obsecraret,
1694 1977 1761 2014 ne
1805 1955 1885 2014 ad
1921 1955 2006 2029 id,
2049 1954 2198 2031 quod

390 2060 604 2115 natura
650 2061 888 2128 cogeret,
935 2054 1055 2129 ipse
1109 2070 1322 2128 quoque
1370 2052 1711 2110 acceleraret
1737 2073 1758 2116 ,·
1827 2061 1882 2109 et
1937 2052 2196 2128 quoniam

391 2155 504 2202 tum
548 2167 760 2222 quoque
791 2155 986 2222 posset
1033 2145 1370 2219 temporibus
1418 2132 1718 2219 superesse,
1750 2163 1807 2201 se
1836 2146 1949 2202 sibi
1974 2149 2198 2223 suisque

230 2307 241 2318 ·
274 2241 353 2298 20
390 2247 700 2297 reservaret
719 2261 740 2303 ,·
781 2257 982 2314 preces
1024 2238 1151 2312 ejus
1195 2236 1485 2294 taciturna
1528 2235 1632 2292 suti
1678 2235 2061 2295 obstinatione
2103 2242 2200 2298 de-

391 2334 610 2412 pressit.
695 2333 795 2392 Sic
817 2351 992 2408 quum
1020 2331 1260 2389 biduum
1288 2330 1420 2389 cibo
1468 2350 1529 2389 se
1571 2329 1961 2403 abstinuisset,
2005 2333 2198 2393 subito

376 2429 565 2488 febris
614 2428 881 2501 decessit,
908 2423 1207 2502 leviorque*
1239 2426 1471 2485 morbus
1523 2445 1647 2485 esse
1696 2426 1888 2503 coepit.'
1968 2427 2200 2490 Tamen

391 2524 738 2601 propositum
791 2523 972 2582 nihilo
1025 2520 1216 2581 secius
1270 2522 1508 2600 peregit,
1559 2548 1567 2557 ·
1607 2521 1808 2598 Itaque
1856 2522 1951 2580 die
1999 2525 2200 2599 quinto

392 2619 520 2697 post
548 2617 718 2694 quam
745 2619 803 2676 id
831 2618 1133 2677 consilium
1162 2618 1387 2691 inierat,
1415 2618 1598 2695 pridie
1621 2617 1934 2688 ,Kalendas
1962 2620 2195 2696 Aprilis,

279 2717 357 2773 25
397 2714 507 2773 Cn.
537 2701 809 2787 Domitio,
858 2713 926 2772 C.
968 2714 1135 2773 Sosio
1182 2713 1369 2787 Coss„
1418 2701 1682 2785 decessit.
1765 2713 1967 2772 Elatus
2010 2729 2098 2791 est
2137 2718 2195 2775 in

323 2809 328 2815 ’
395 2809 696 2879 lecticulii;
739 2821 803 2867 ut
829 2809 949 2886 ipse
975 2808 1419 2886 praescripserat,
1448 2809 1573 2868 sine
1594 2809 1711 2867 ulla
1731 2811 1939 2886 pompa
1961 2811 2208 2886 funeris,

399 2900 801 2964 comitantibus
827 2904 1093 2963 omnibus
1134 2904 1318 2979 bonis,
1367 2905 1617 2963 maxima
1657 2905 1813 2982 vulgi
1862 2907 2194 2983 frequentis.

400 3001 669 3075 Sepultus
695 3011 782 3059 est
803 3000 967 3077 juxta
991 2999 1143 3057 viam
1188 3000 1461 3076 Appiam,
1510 3000 1582 3057 ad
1626 3001 1888 3076 quintum
1931 3002 2192 3078 lapidem,

401 3093 460 3150 in
488 3108 857 3157 monumento
881 3095 1094 3160 Quinti
1122 3095 1367 3170 Caecilii,
1396 3096 1666 3155 avunculi
1693 3098 1798 3156 sui.
1885 3104 1896 3117 “
