2492 4207
1054 256 1243 305 DION.
2084 251 2160 307 45

252 415 521 475 racliderh
546 437 560 486 ;
603 416 702 492 qui
729 416 958 491 quidem
1000 416 1385 493 principatum
1411 437 1527 476 non
1555 419 1901 491 concedenS,
1932 420 2046 476 fac·
2115 458 2118 464 -

251 514 461 572 tionem
489 513 853 589 comparavit.
951 510 1157 586 Neque
1184 512 1234 569 is
1260 509 1451 570 minus
1479 515 1699 574 valebat
1729 515 1877 591 apud
1904 516 2045 591 opti-

250 620 450 682 mates,
505 627 744 684 quorum
796 627 1082 665 consensu
1134 620 1376 684 praeerat
1429 610 1617 681 classi,
1670 630 1843 685 quum
1891 610 2043 668 Dion

249 706 568 763 exercitum
618 704 938 780 pedestrem
992 715 1227 762 teneret.
1287 698 1461 761 vNon
1515 705 1644 763 tulit
1695 706 1803 763 hoc
1857 707 2045 764 animo

250 819 413 876 aequo
450 799 622 873 Dion,
661 811 718 857 et
756 819 980 857 versum
1019 781 1180 856 illum
1209 799 1449 858 Homeri
1475 800 1669 858 retulit
1695 819 1767 858 ex
1793 803 2045 861 secunda
2081 804 2121 859 5

251 896 575 972 rhapsodia,
626 896 686 953 in
732 915 843 971 quo
885 897 1010 952 haec
1057 896 1342 954 sententia
1381 907 1500 954 est:
1566 896 1701 952 Non
1721 915 1887 972 posse
1914 888 2043 954 berte

246 993 381 1066 geri
431 991 824 1068 rempublicam
876 991 1170 1051 multorum
1210 991 1478 1067 imperiis
1599 991 1776 1053 Quod
1831 992 2045 1050 dictum

251 1106 459 1164 magna
500 1087 713 1145 invidia
742 1099 1055 1146 consecuta
1093 1098 1194 1144 est.
1278 1086 1542 1162 Namque
1584 1087 1871 1163 aperuisse
1899 1087 2049 1144 vide-

251 1184 436 1258 batur,
460 1204 521 1242 se
546 1184 743 1243 omnia
782 1183 844 1240 in
884 1182 988 1239 sua
1027 1194 1304 1258 potestate
1344 1202 1470 1240 esse
1511 1183 1669 1240 velle.
1753 1182 1927 1240 Hanc
1955 1183 2047 1241 ille

252 1300 364 1339 non
406 1281 585 1339 lenire
624 1279 919 1355 obsequio,
961 1280 1060 1337 sed
1103 1281 1412 1339 acerbitate
1452 1280 1768 1357 opprimere
1809 1280 2044 1353 studuit,
2090 1282 2161 1337 10

250 1374 754 1452 'Heraclidemque‚
776 1395 950 1451 quum
974 1376 1286 1453 Syracusas
1302 1377 1568 1449 venisset,
1588 1377 2046 1434 interficiendum
2103 1417 2110 1424 -

252 1472 484 1531 curavit.
537 1535 541 1540 ,

325 1568 462 1626 VII.
546 1569 723 1631 Quod
765 1571 978 1630 factum
1017 1571 1284 1629 omnibus
1324 1571 1634 1628 maximum
1674 1570 1933 1628 timorem
1965 1572 2046 1628 in-

246 1663 398 1738 jecit.
471 1690 473 1693 ¹
519 1665 708 1725 Nemo
746 1667 921 1740 enim,
963 1667 1060 1726 illo
1102 1668 1423 1741 interfecto,
1467 1687 1527 1725 se
1568 1679 1752 1725 tutum
1791 1667 2044 1742 putabat.

251 1759 353 1818 Ille
403 1774 614 1834 autem,
657 1762 980 1821 adversario
1019 1776 1254 1835 remoto,
1308 1762 1578 1833 licentius
1629 1782 1824 1822 eorum
1876 1763 2045 1835 bona,
2092 1764 2163 1818 15

247 1874 388 1930 quos
428 1857 648 1913 sciebat
690 1854 961 1913 adversus
1001 1876 1062 1913 se
1104 1858 1371 1930 sensisse,
1413 1859 1688 1915 militibus
1719 1858 2047 1933 dispertivit.

247 1940 484 2011 Quibus
511 1950 727 2022 divisis,
748 1970 923 2025 quum
950 1951 1267 2026 quotidiani
1288 1952 1522 2009 maximi
1548 1952 1655 2010 fier«

251 2044 512 2103 celeriter
550 2045 799 2123 pecunia
835 2047 1036 2107 deesse
1064 2047 1273 2126 coepit3
1316 2067 1520 2125 neque,
1549 2047 1655 2125 qud

249 2142 479 2218 rigeret,
507 2144 862 2220 suppetebat,
891 2145 1003 2202 nisi
1042 2145 1103 2202 in
1145 2144 1459 2205 amicorum
1497 2164 1655 2222 posse

251 2239 577 2315 hujusmodi
616 2252 758 2313 erat,
788 2251 869 2313 ut,
897 2261 1073 2315 quum
1113 2243 1325 2301 milites
1353 2242 1655 2300 reconcilia

252 2346 336 2391 ret
374 2334 690 2410 optimates
796 2334 1063 2395 Quarum
1115 2356 1307 2392 rerum
1354 2337 1499 2393 eura
1546 2338 1655 2394 fram

253 2429 508 2487 insuetus
534 2427 688 2487 male
730 2428 1020 2502 audiendi,
1049 2448 1167 2488 non
1193 2448 1355 2504 aequo
1384 2430 1573 2487 animo
1601 2432 1654 2487 fe

254 2526 325 2582 ab
352 2525 423 2584 iis
451 2523 600 2583 male
630 2524 963 2596 existimari,
992 2542 1229 2599 quorum
1271 2523 1443 2600 paulo
1485 2522 1617 2582 ante
1647 2524 1655 2580 i

253 2631 375 2678 erat
414 2620 597 2678 elatus
637 2619 920 2677 laudibus,
1041 2619 1267 2695 Vulgus
1308 2630 1518 2693 autem,
1559 2620 1778 2678 offensa
1819 2620 1879 2677 in
1918 2640 2049 2678 eum

254 2714 498 2773 militum
525 2715 833 2787 voluntate,
876 2711 1110 2773 liberius
1136 2715 1488 2792 loquebatur,
1526 2727 1583 2773 et
1609 2724 1914 2791 tyrannum
1940 2737 2050 2774 mm
2087 2720 2166 2777 25

254 2808 563 2885 ferendum
590 2810 905 2869 dictitabat.
1906 2865 1910 2869 .

333 2905 506 2963 VIII.
587 2906 732 2964 Haec
759 2907 855 2965 ille
887 2906 1136 2979 intuenS,
1165 2927 1360 2983 quum,
1389 2910 1866 2983 quemadmodum
1893 2909 2051 2966 seda·

256 3013 359 3075 ret,
383 3001 655 3076 nesciret,
677 3014 754 3076 et,
775 3022 1042 3078 quorsum
1060 3003 1387 3075 evaderent,
1416 3004 1671 3073 timeret3
1715 3003 2050 3062 Callicrates

257 3097 506 3172 quidam,
536 3096 678 3155 civis
718 3098 1110 3170 Atheniensis,
1153 3098 1250 3173 qui
1290 3098 1457 3156 simul
1500 3118 1633 3156 cum
1673 3116 1743 3156 eo
1780 3117 1853 3155 ex
1890 3098 2050 3159 Pelo-

257 3212 514 3268 ponneso
546 3193 607 3250 in
632 3192 894 3250 Siciliam
919 3204 1172 3265 venerat,
1195 3194 1366 3252 homo
1386 3204 1444 3252 et
1464 3193 1705 3251 callidus
1726 3204 1784 3251 et
1805 3194 1876 3258 ad
1905 3195 2049 3253 frau-
2087 3196 2165 3268 30

260 3287 389 3345 dem
418 3299 640 3362 acutus,
670 3287 794 3346 sine
823 3287 938 3346 ulla
962 3287 1238 3364 religione
1268 3308 1337 3346 ac
1365 3289 1498 3361 fide,
1527 3288 1645 3347 adi't
1672 3290 1742 3346 ad
1783 3289 2047 3361 Dionem,

261 3395 318 3442 et
344 3383 423 3442 ait
448 3403 460 3440 ε
503 3404 621 3442 eum
652 3383 769 3462 [in]
801 3401 1004 3457 magno
1021 3383 1279 3459 periculo
1308 3402 1421 3442 esse
1440 3392 1677 3459 propter
1703 3384 2050 3461 offensionem

278 3480 480 3555 populi
507 3487 560 3537 et
587 3479 772 3538 odium
799 3478 1235 3555 militum,·quod
1258 3480 1409 3536 nullo
1435 3479 1590 3553 mpdo
1618 3481 1827 3539 evitare
1838 3485 2049 3558 posset,
