2492 4207
1006 251 1195 301 DION.
1713 326 1722 333 f
2033 245 2110 301 43

196 411 769 473 Platonem·Athenis
799 425 1130 485 arcesseret,
1159 424 1218 470 et
1258 413 1388 489 ejus
1423 413 1676 472 consiliis
1717 425 1991 487 uteretur,

197 510 306 582 ille,
334 510 433 586 qui
462 509 522 567 in
554 508 745 584 aliun
771 528 831 565 re
853 509 1023 567 vellet
1048 520 1271 585 patrem
1299 508 1527 583 imitari,
1549 529 1764 569 morem
1789 510 1846 567 ei
1872 530 1997 587 ges·

196 606 279 665 sit.
360 606 700 679 Eodemque
719 615 972 680 tempore
1000 604 1304 663 Philistum
1325 603 1657 665 historicum
1684 607 1997 683 Syracusas
2041 606 2046 611 ’

196 701 443 773 reduxit,
492 700 781 758 hominem
831 700 1079 761 amicum
1132 720 1248 759 non
1292 701 1476 777 magis
1515 713 1775 777 tyranno,
1827 704 1997 778 quam

196 795 506 872 tyrannidi.
591 796 705 853 Sed
734 796 805 852 de
833 797 943 869 hoc
973 795 1031 853 in
1072 816 1142 855 eo
1181 816 1312 855 meo
1349 797 1496 855 libro
1533 798 1698 874 plura
1737 812 1866 858 sunt
1906 819 1999 857 ex·
2037 801 2086 855 5-

196 892 404 968 posita‚
436 891 532 965 qui
572 891 643 947 de
685 891 970 949 historicis
1011 893 1368 967 conscriptus
1408 905 1511 952 est.
1611 893 1775 951 Plato
1813 907 1999 952 autem

198 985 423 1047 tantum
479 988 628 1063 apud
686 986 1027 1062 Dionysium
1084 988 1419 1047 auctoritate
1472 989 1675 1065 potuit,
1719 987 2001 1064 valuitque

199 1083 542 1159 eloquentia,
592 1095 653 1141 ut
699 1083 755 1140 ei
808 1084 1172 1159 persuaserit,
1221 1085 1538 1160 tyrannidis
1579 1080 1769 1144 facere
1809 1085 2001 1157 finem,

201 1180 630 1255 libertatemque
686 1180 925 1237 reddere
952 1220 958 1227 -
982 1180 1394 1255 Syracusanis:
1463 1199 1498 1238 a
1548 1182 1663 1257 qua
1714 1181 2004 1239 voluntate

174 1276 426 1334 *Philisti
480 1276 719 1335 consilio
790 1274 1111 1348 deterrituS,
1170 1274 1459 1352 aliquanto
1529 1277 1811 1337 crudelior
1876 1295 2003 1334 esse
2046 1276 2124 1333 10*

205 1370 389 1447 coepit.
1941 1450 1944 1455 .

280 1469 384 1526 IV.
465 1468 592 1531 Qui
631 1467 880 1544 quidem,
908 1489 1083 1544 quum
1127 1488 1159 1526 a
1182 1469 1389 1532 ,Dione
1417 1490 1479 1528 se
1508 1470 1762 1547 superari
1790 1469 2007 1527 videret

208 1564 456 1640 ingeni0,
501 1563 854 1635 auctoritate,
898 1564 1088 1623 amore
1129 1565 1344 1641 populi,
1384 1584 1624 1638 verens„
1649 1585 1743 1639 ne,
1785 1564 1834 1623 si
1875 1583 2005 1622 eum

208 1679 399 1719 secum
417 1661 672 1733 haberet,
694 1661 940 1735 aliquam
951 1660 1319 1719 occasionem
1341 1660 1432 1717 sui
1448 1661 1609 1719 daret
1629 1660 2005 1738 opprimendi,

208 1776 408 1814 navem
448 1757 503 1813 ei
543 1757 832 1813 triremem
874 1755 1052 1827 dedit,
1081 1756 1194 1830 quii
1221 1755 1565 1814 Corinthum
1594 1758 1965 1814 deveheretur
1992 1777 2004 1813 :
2049 1758 2126 1813 15

205 1853 536 1921 ostendenS,
564 1870 625 1907 se
655 1850 712 1905 id
740 1849 1035 1922 utriusque
1064 1850 1254 1906 facere
1283 1852 1459 1906 causa
1482 1872 1496 1919 3
1539 1871 1633 1923 ne,
1661 1871 1835 1925 quum
1862 1853 2008 1910 inter

207 1968 268 2005 se
302 1947 591 2015 timerent,
635 1944 903 2010 alteruter
948 1943 1189 2000 alterum
1216 1956 1657 2020 praeoccuparet.
1740 1945 1809 2003 Id
1835 1965 2011 2020 quum

208 2045 427 2101 factum
475 2038 640 2097 multi
687 2037 1143 2116 indignarentur,
1197 2058 1535 2117 magnaeque
1589 2052 1738 2099 esset
1786 2026 2013 2099 invidiae

129 2192 135 2200 .
209 2151 471 2215 tyranno,
501 2134 813 2212 Dionysius
852 2135 1048 2194 omnia
1086 2156 1210 2211 quae
1253 2137 1466 2196 moveri
1504 2148 1767 2215 poterant
1807 2138 2013 2198 Dionis

214 2234 272 2292 in
312 2251 488 2322 naves
530 2231 816 2308 imposuit,
847 2233 917 2288 ad
966 2252 1209 2308 eumque
1259 2233 1429 2292 misit.
1514 2231 1615 2292 Sic
1641 2235 1797 2292 enim
1822 2235 2014 2294 existi·
2049 2237 2134 2293 2⁰

215 2329 357 2388 mari
397 2328 639 2401 volebat,
677 2328 735 2384 id
777 2347 838 2385 se
878 2348 994 2387 non
1034 2329 1167 2387 odio
1206 2329 1475 2403 hominis,
1518 2332 1617 2388 sed
1659 2350 1775 2388 suae
1816 2333 2015 2392 salutis

217 2427 419 2485 fecisse
448 2426 640 2485 causa.
724 2425 932 2484 Postea
970 2423 1102 2482 vero
1144 2422 1315 2499 quam
1358 2426 1572 2483 audivit
1599 2446 1730 2483 eum
1759 2427 1820 2483 in
1856 2428 2018 2485 Pelo-

215 2542 471 2599 ponneso
509 2539 744 2579 manum
785 2539 1135 2595 comparare,
1177 2520 1398 2595 sibique
1446 2522 1657 2578 bellum
1700 2523 1887 2580 facere
1927 2542 2019 2581 co-

217 2620 381 2687 nari3
453 2620 691 2690 Areten,
732 2615 939 2674 Dionis
981 2635 1234 2698 uxorem,
1278 2615 1374 2672 alii
1418 2627 1657 2692 nuptum
1699 2617 1875 2691 dedit,
1916 2617 2020 2675 fili-

219 2733 428 2789 umque
457 2713 580 2789 ejus
608 2713 692 2770 sic
719 2711 953 2770 educari
976 2711 1164 2788 jussit,
1195 2724 1258 2769 ut
1286 2712 1636 2789 indulgendo
1678 2713 2018 2790 turpissimis
2056 2716 2137 2772 25
2229 2771 2234 2777 ,

221 2809 570 2867 imbueretur
593 2806 1015 2884 cupiditatibus
1099 2807 1251 2864 Nam
1274 2827 1470 2883 puero,
1491 2808 1818 2884 priusquam
1840 2811 2020 2885 pubes
2080 2796 2082 2802 ἲ

221 2916 390 2978 esset,
435 2914 621 2961 scorta
660 2899 1130 2972 adducebantur3
1173 2903 1305 2962 vino
1333 2904 1626 2980 epulisque
1657 2904 2020 2976 obruebatur,

225 3020 406 3078 neque
436 3001 615 3058 ullum
641 3011 864 3076 tempus
892 2999 1081 3058 sobrio
1109 3000 1551 3075 relinquebatur.
1634 2999 1695 3057 Is
1735 3018 1912 3074 usque
1951 3002 2022 3076 eo

225 3097 351 3155 vitae
380 3107 592 3155 statum
620 3107 1030 3154 commutatum
1059 3096 1204 3153 ferre
1238 3114 1355 3154 non
1394 3096 1595 3172 potuit,
1624 3105 1919 3171 postquam
1961 3097 2022 3154 in

226 3193 464 3269 patriam
504 3192 674 3251 rediit
713 3203 873 3268 pater
916 3191 1190 3269 (namque
1233 3191 1472 3267 appositi
1526 3202 1688 3248 erant
1739 3193 2024 3265 custodeS‚
2064 3193 2143 3251 3⁰

228 3290 321 3365 qui
361 3309 493 3347 eum
522 3309 555 3347 a
582 3288 822 3365 pristino
849 3286 1002 3346 victu
1030 3287 1433 3366 deducerent),
1462 3298 1525 3344 ut
1552 3306 1613 3344 se
1641 3288 1712 3344 de
1740 3288 2026 3365 superiore

229 3397 385 3460 parte
428 3385 634 3442 aedium
674 3371 969 3461 dejecerit,
1012 3394 1179 3459 atque
1223 3383 1302 3444 ita
1341 3382 1633 3442 interierit.
1734 3385 1848 3442 Sed
1890 3384 2027 3442 illuc

232 3493 489 3541 revertor.
