2492 4207
264 272 344 329 96
944 332 945 337 ,
1064 280 1114 329 H
1119 280 1454 333 AMILCAR.

380 438 540 496 andri
567 437 783 514 Magni,
810 437 905 513 qui
944 450 1078 514 post.
1118 437 1334 496 obitum
1386 438 1509 514 ejus
1551 438 1785 514 imperia
1829 451 2137 513 ceperunt:

377 533 436 589 in
464 531 551 589 his
597 533 938 609 Antigonae,
982 545 1039 590 et
1090 533 1257 608 hujus
1302 531 1451 591 filius
1497 532 1840 605 Demetrius,
1889 531 2139 607 Lysima-

374 629 533 700 chuS,
564 628 857 701 SeleucuS,
884 629 1233 687 PtolemaeuS.
1315 628 1405 685 Ex
1457 627 1545 685 his
1587 627 1929 705 AntigonuS,
1964 647 2134 702 quum

375 720 639 780 adversus
667 724 969 805 Seleucum
997 723 1506 797 Lysimachumque
1526 722 1842 795 dimicaret,
1865 722 1923 780 in
1944 722 2137 797 proelio

295 818 336 873 5
371 816 593 874 occisus
618 829 719 876 est.
760 870 761 873 ,
800 818 930 875 Pari
957 818 1068 875 leto
1096 818 1331 874 affectus
1358 829 1444 874 est
1482 816 1855 892 Lysimachus
1884 836 1918 887 a
1946 817 2137 877 Seleu-

370 930 455 971 co,
537 912 686 970 Nam
713 913 978 989 societate
1004 913 1296 985 dissoluta,
1325 913 1546 985 bellum¹
1562 912 1707 971 inter
1733 930 1794 969 se
1821 925 2135 989 gesserunt.

336 1030 339 1033 ·
372 1009 451 1073 At
477 1007 817 1081 Demetrius,
844 1027 1015 1083 quum
1042 1008 1214 1065 filiam
1257 1022 1417 1067 suam
1456 1008 1700 1069 Seleuco
1748 1008 1806 1064 in
1856 1009 2138 1066 matrimo-

368 1101 525 1162 nium
577 1104 841 1174 dedisset,
895 1122 1074 1178 neque
1116 1101 1185 1160 eo
1214 1102 1394 1178 magis
1435 1102 1548 1159 fida
1594 1105 1740 1160 inter
1764 1121 1864 1160 eos
1889 1101 2138 1159 amicitia

370 1199 913 1275 manerepotuisset,
941 1189 1139 1274 captus
1167 1199 1333 1270 bellu,
1363 1198 1421 1271 in
1450 1198 1708 1256 custodia
1745 1216 1911 1257 ,socer
1938 1197 2134 1273 generi

259 1295 332 1366 1⁰.
368 1294 533 1371 periit
555 1313 587 1350 a
612 1295 822 1352 morbo.
903 1280 1104 1369 Neque
1133 1295 1211 1373 ita
1235 1284 1413 1351 multo
1439 1292 1570 1369 post
1598 1295 1872 1379 Seleucus
1901 1312 1934 1350 a
1955 1293 2137 1352 Ptole-

330 1450 333 1453 ,
366 1407 506 1446 maeo
554 1389 817 1447 Cerauno
863 1390 992 1447 dolo
1037 1378 1366 1447 interfectus
1393 1400 1511 1457 est3
1552 1408 1724 1464 quem
1773 1390 1886 1461 ille,
1917 1394 1950 1445 a
1975 1401 2133 1464 patre

365 1483 657 1562 expulsum
685 1472 1066 1557 Alexandrea,
1096 1485 1405 1542 alienarum
1431 1502 1600 1558 opum
1655 1483 2023 1560 indigentem,
2053 1503 2136 1541 re-

367 1590 607 1652 ceperat.
688 1577 818 1654 Ipse
846 1580 1032 1637 autem
1060 1578 1415 1651 Ptolemaeus,
1443 1596 1614 1653 quum
1651 1578 1808 1636 vivus
1854 1580 1970 1638 filio
2011 1600 2135 1655 reg-

364 1690 501 1729 num
527 1673 867 1746 tradidisset,
887 1674 958 1731 ab
985 1674 1080 1732 illo
1105 1674 1306 1751 eodem
1333 1672 1448 1731 vita
1471 1671 1716 1749 privatus
1735 1673 1958 1732 dicitur.
2041 1675 2131 1730 De

255 1766 329 1829 15
364 1766 565 1841 quibus
592 1768 855 1842 quoniam
881 1766 1017 1826 satis
1044 1768 1259 1826 dictum
1284 1779 1566 1844 putamus,
1582 1787 1696 1826 non
1715 1767 2129 1826 incommodum

364 1861 582 1921 videtur
607 1882 719 1922 non
744 1864 1027 1940 praeterire
1056 1863 1444 1922 Hamilcarem
1470 1876 1529 1923 et
1555 1864 1960 1938 Hannibalem,
1989 1884 2131 1940 quos

363 1968 421 2015 et
467 1957 639 2016 animi
691 1959 1079 2037 magnitudine
1131 1971 1189 2018 et
1229 1960 1540 2019 calliditate
1583 1980 1781 2019 omnes
1827 1961 1885 2018 in
1933 1960 2131 2018 Africa

363 2063 523 2112 natos
547 2053 870 2129 praestitisse
886 2065 1132 2120 constat.
1377 2060 1380 2065 “

710 2407 715 2417 κ,
804 2364 1006 2423 XXII.
1089 2365 1678 2425 HAMchA-R.

435 2520 481 2578 Ι.
561 2517 883 2604 Hamilcar,
924 2519 1278 2582 Hannibalis
1299 2524 1489 2601 filius,
1518 2524 1832 2599 cognomine
1875 2523 2125 2598 Bareas,

207 2649 213 2660 ·
242 2616 323 2674 20
362 2605 873 2691 Carthaginiensis,
925 2618 1107 2694 primo
1152 2620 1387 2688 Poenico
1427 2613 1594 2693 bello,
1642 2620 1743 2677 sed
1784 2621 2127 2697 temporibus

352 2712 639 2783 extremis,
684 2712 985 2776 admodum
1041 2715 1494 2774 adolescentulus
1537 2716 1596 2772 in
1648 2715 1846 2772 Sicilia
1886 2734 2126 2792 praeesse

357 2806 529 2881 coepit
549 2806 839 2864 exercitui.
918 2808 1117 2870 Quum
1147 2823 1278 2870 ante
1305 2811 1429 2886 ejus
1452 2811 1752 2869 adventum
1779 2823 1838 2868 et
1882 2812 2024 2869 mari
2070 2823 2127 2870 et

357 2900 507 2957 terra
532 2899 678 2959 male
717 2921 808 2959 res
851 2916 1181 2978 gererentur
1227 2904 1802 2981 Carthaginiensium,
1852 2906 1989 2982 ipse,
2028 2904 2124 2961 ubi

357 2994 555 3068 adfuit,
608 3016 895 3072 nunquam
948 2999 1096 3057 hosti
1148 3000 1338 3071 cessit,
1391 3018 1576 3074 neque
1639 3000 1827 3059 locum
1879 2999 2120 3058 nocendi

240 3086 321 3144 25
357 3079 546 3159 d'edit3
588 3092 847 3168 saepeque
873 3113 907 3151 e
935 3095 1236 3168 contrarie,
1275 3095 1576 3176 occasione
1619 3096 1770 3169 datii,
1817 3093 2118 3165 lacessivit,

357 3199 680 3258 semperque
702 3187 951 3262 superior
990 3189 1267 3260 discessit.
1346 3190 1486 3252 Quo
1531 3191 1700 3264 facto,
1749 3207 1916 3265 quum
1955 3205 2117 3264 paene

353 3277 543 3333 omnia
570 3278 627 3335 in
656 3282 854 3340 Sicilia
880 3284 1043 3341 Poeni
1070 3285 1409 3358 amisissent,
1432 3286 1532 3345 ille
1561 3269 1799 3363 Erycem
1827 3284 1910 3343 sic
1928 3285 2118 3348 defen-

355 3369 457 3441 dit,
486 3382 547 3446 ut
573 3372 781 3432 bellum
808 3397 879 3436 eo
916 3379 1042 3437 loco
1079 3391 1303 3456 gestum
1349 3385 1465 3439 non
1507 3381 1800 3440 videretur.
1881 3379 2117 3439 Interim

355 3464 853 3543 Carthaginienses
905 3475 1086 3533 classe
1139 3478 1288 3552 apud
1342 3477 1556 3536 insulas
1607 3477 1841 3554 AEgates
1894 3495 1927 3533 a
1979 3475 2121 3535 Caio
