2492 4207
1012 242 1256 293 CIMON.
2061 236 2140 297 ω

240 405 521 465 animatas
546 402 918 475 confirmavit,
938 403 1213 461 alienatas
1235 403 1307 461 ad
1326 403 1575 463 officium
1600 404 1787 464 redire
1812 405 2021 482 coegit.

238 502 504 581 Scyrum,
551 518 721 576 quam
765 519 835 559 eo
880 513 1132 575 tempore
1181 499 1431 576 Dolopes
1482 501 1825 574 incolebant,
1872 486 2024 578 quod

237 588 638 658 contumacius
682 614 743 654 se
784 606 1098 673 gesserant,
1141 596 1478 669 vacuefecit,
1521 616 1764 657 sessores
1810 609 2027 657 veteres

237 696 382 754 urbe
424 692 721 769 insulaque
767 690 958 768 ejecit,
1002 709 1165 767 agros
1212 690 1433 750 civibus
1480 691 1684 751 divisit.
1778 692 2028 752 Thasios

236 788 541 868 opulentia
579 789 748 848 fretos
787 806 891 846 suo
932 788 1177 845 adventu
1216 787 1399 865 fregit.
1485 787 1598 845 His
1636 806 1708 846 ex
1744 789 2028 848 manubiis
2104 790 2143 848 5

243 888 602 945 Athenarum
629 902 747 957 arx,
774 880 888 960 qua
916 883 988 941 ad
1015 882 1311 941 meridiem
1338 883 1538 961 vergit,
1566 892 1656 941 est
1679 895 1893 942 ornata.

102 930 256 1061 (ᾗ)
324 980 435 1039 ΠΙ.
514 980 747 1045 Quibus
787 980 959 1038 rebus
1004 998 1178 1056 quum
1218 998 1369 1037 unus
1411 980 1472 1037 in
1512 978 1743 1038 civitate
1785 978 2029 1037 maxime

133 1154 139 1159 .
243 1076 485 1150 floreret,
520 1076 725 1136 incidit
764 1077 825 1134 in
863 1076 1109 1133 eandem
1149 1076 1440 1148 invidiam,
1468 1094 1636 1152 quam
1676 1087 1836 1152 pater
1876 1095 2031 1149 suus,

236 1172 529 1250 caeterique
556 1171 1000 1231 Atheniensium
1035 1172 1337 1248 principes.
1418 1171 1571 1230 Nam
1610 1167 1883 1231 testarum
1923 1172 2034 1230 sus-

244 1268 462 1345 fragiis,
502 1269 652 1345 quod
692 1267 777 1325 illi
815 1267 1207 1325 ostracismum
1248 1279 1473 1341 vocant,
1513 1269 1714 1326 decem
1756 1286 2034 1327 annorum
2076 1269 2148 1326 10

240 1363 416 1422 exilio
454 1363 725 1421 multatus
764 1374 865 1422 est.
946 1362 1128 1438 Cujus
1168 1363 1305 1422 sacti
1345 1362 1589 1423 celerius
1628 1364 2032 1438 Athenienses,

240 1454 415 1534 quain
443 1458 645 1534 ipsum,
672 1457 947 1534 poenituit.
1029 1457 1088 1515 N
1092 1477 1182 1516 am
1209 1478 1385 1533 quum
1418 1458 1511 1516 ille
1552 1458 1682 1519 forti
1722 1458 1912 1518 animo
1951 1459 2034 1518 in·

240 1554 409 1611 vidiae
450 1554 794 1629 ingratorum
835 1552 1046 1611 civium
1085 1553 1374 1626 cessisset,
1404 1553 1726 1630 bellumque
1766 1554 2033 1613 Lacedae-

241 1648 420 1707 monii
458 1647 913 1727 Atheniensibus
952 1647 1329 1717 indixissent3
1384 1649 1684 1709 confestim
1724 1661 1872 1709 noto
1912 1650 2036 1727 ejus

241 1745 462 1805 virtutis
488 1745 834 1803 desiderium
861 1756 1235 1803 consecutum
1261 1755 1365 1804 est.
1448 1744 1648 1821 Itaque
1673 1757 1801 1823 post
1823 1764 2036 1805 annum
2079 1747 2154 1806 15

235 1841 523 1916 quintum,
550 1837 723 1913 quam
761 1839 1032 1913 expulsus
1061 1838 1203 1909 erat,
1230 1840 1293 1895 in
1317 1839 1561 1914 patriam
1598 1852 1896 1899 revocatus
1934 1855 2037 1900 est.

242 1936 374 2007 Ille,
414 1932 568 2009 quod
625 1931 868 2008 hospitio
919 1930 1484 1991 Lacedaemoniorum
1525 1934 1809 2007 utebatur,
1865 1935 2041 1994 satius

241 2026 596 2101 existimans,
638 2027 985 2086 contendere
1032 2026 1527 2101 Lacedaemonem,
1568 2028 1675 2086 sua
1717 2041 1917 2107 sponte
1953 2043 2041 2090 est

242 2129 550 2205 profectui,
589 2142 903 2203 pacemque
945 2123 1093 2182 inter
1132 2123 1278 2182 duas
1321 2125 1743 2202 potentissimas
1781 2126 2039 2187 civitates

240 2221 583 2284 conciliavit.
664 2219 822 2294 Post,
849 2238 1036 2296 neque
1064 2220 1144 2279 ita
1168 2219 1370 2294 multo,
1392 2221 1648 2299 Cyprum
1674 2241 1808 2281 cum
1827 2225 2041 2283 ducen-
2076 2225 2156 2284 20

242 2317 317 2376 tis
342 2316 581 2375 navibus
609 2316 909 2393 imperator
936 2315 1161 2390 missus,
1183 2335 1359 2393 quum
1385 2318 1511 2394 ejus
1531 2319 1802 2395 majorem
1820 2333 2040 2397 partem

231 2414 444 2472 insulae
471 2412 793 2486 devicisset,
820 2412 881 2469 in
908 2412 1169 2470 morbum
1197 2412 1506 2488 implicitus
1540 2414 1600 2470 in
1641 2414 1849 2490 oppido
1887 2415 2042 2474 Citio

227 2521 333 2568 est
356 2521 626 2568 mortuus.

324 2604 429 2661 IV.
512 2603 689 2661 Hunc
724 2603 1110 2661 Athenienses
1149 2623 1266 2662 non
1308 2602 1491 2661 solum
1532 2604 1591 2660 in
1632 2604 1799 2677 bello,
1841 2605 1941 2662 sed
1983 2604 2043 2663 in

243 2718 392 2778 pace
432 2699 530 2756 diu
570 2698 1048 2756 desideraverunt.
1131 2698 1267 2758 Fuit
1306 2699 1459 2757 enim
1496 2700 1656 2758 tanta
1681 2699 2040 2772 liberalitate,
2077 2700 2157 2759 25

243 2812 426 2872 quum
474 2794 856 2871 compluribus
898 2795 1040 2852 locis
1081 2795 1296 2871 praedia
1337 2783 1636 2872 hortosque
1680 2796 1935 2866 haberet,
1980 2807 2044 2855 ut

245 2909 543 2967 nunquam
583 2889 642 2947 in
681 2890 766 2948 eis
805 2891 1100 2950 custodem
1140 2889 1470 2967 imposuerit
1511 2890 1729 2950 fructus
1780 2892 2043 2949 servandi

245 2987 452 3065 gratia,
481 3005 557 3044 ne
582 2985 709 3061 quis
743 2985 1131 3064 impediretur,
1159 2986 1272 3063 quo
1313 2986 1505 3046 minus
1542 2988 1667 3064 ejus
1706 2987 1896 3060 rebus,
1923 2987 2043 3065 qui-

248 3085 355 3142 bus
392 3082 631 3158 quisque
670 3080 856 3154 vellet,
897 3084 1191 3142 frueretur.
1302 3083 1539 3160 Semper
1578 3100 1711 3141 eum
1748 3083 2042 3161 pedisequi

249 3199 382 3238 cum
408 3176 660 3236 nummis
687 3187 820 3235 sunt
846 3178 1047 3249 secuti,
1074 3189 1157 3248 ut,
1186 3177 1235 3235 si
1262 3175 1388 3253 quis
1413 3179 1537 3255 opis
1573 3178 1698 3254 ejus
1740 3177 2042 3257 indigeret,
2080 3179 2159 3240 30

250 3275 504 3347 haberet,
558 3272 708 3349 quod
763 3269 950 3329 statim
1018 3274 1197 3344 daret,
1252 3293 1326 3331 ne
1395 3275 1708 3333 differendo
1760 3275 2044 3336 videretur

251 3387 481 3447 negare.
564 3365 732 3445 Saepe
760 3385 936 3443 quum
964 3367 1207 3444 aliquem
1246 3370 1524 3428 offensum
1566 3371 1790 3430 fortuna
1830 3372 2044 3432 videret

251 3463 443 3524 mimis
469 3465 615 3523 bene
644 3463 928 3537 vestitum,
958 3484 1124 3522 suum
1154 3465 1461 3524 amiculum
1488 3465 1659 3528 dedit.
1766 3467 2043 3531 Quotidie

1113 3567 1142 3594 τι
