2492 4207
985 262 1332 312 EUMENES.
1388 302 1393 309 .
2085 256 2178 344 Sl·

265 437 401 478 vera
426 420 621 479 audire
649 439 767 479 non
792 432 1040 497 possent,
1077 432 1136 479 et
1177 408 1279 478 his
1312 420 1694 496 persuaderet,
1743 440 1804 479 se
1852 435 2049 481 contra

264 516 539 589 quosdam
565 516 835 573 barbaros
853 516 1155 592 proficisci.
1238 515 1440 590 Itaque
1465 517 1648 575 tenuit
1686 520 1795 575 hoc
1820 537 2048 595 propos-

264 608 427 683 itum,
455 622 515 668 et
539 608 697 686 prius
719 611 786 668 'in
828 612 1011 668 aciem
1057 611 1373 669 exercitum
1419 605 1636 685 eduxit,
1677 607 2048 689 proeliurrique

263 705 571 778 commisit,
598 703 767 780 quam
787 706 1007 764 'milites
1054 707 1143 764 sui
1189 706 1421 779 scirent,
1471 725 1605 763 cum
1627 706 1848 781 ‘quibus
1896 727 2050 767 arma

263 792 606 857 Conferrent.
690 800 897 860 Effecit
913 801 1085 860 etiam
1106 801 1245 859 illud
1267 802 1521 859 locorum
1536 804 2044 878 praeoccupatione,
2086 807 2128 862 5

264 905 333 952 ut
358 894 609 969 equitatu
635 894 822 972 potius
841 897 1157 970 dimicaret,
1183 917 1296 972 quo
1320 894 1449 973 plus
1475 898 1718 970 valebat,
1750 897 1918 973 quam
1956 919 2052 975 pe-

267 978 472 1062 ditatu,
500 1010 612 1066 quo
638 1004 759 1050 erat
786 993 1046 1050 deterior.

347 1084 450 1142 IV.
531 1085 797 1148 Quorum
825 1087 1101 1144 acerrimo
1127 1106 1410 1144 concursu
1436 1105 1609 1162 quum
1641 1104 1907 1163 magnam
1933 1107 2056 1164 par-

269 1190 387 1237 tem
414 1179 531 1236 diei
552 1192 701 1239 esset
728 1171 1064 1258 pugnatum,
1092 1182 1248 1240 cadit
1275 1178 1561 1240 Craterus‘
1585 1182 1720 1256 dux,
1770 1195 1828 1241 et
1856 1182 2057 1260 ‘Neop-

267 1275 532 1348 tolemus,
572 1277 679 1351 vqui
733 1277 1048 1334 secundum
1090 1278 1279 1334 locum
1316 1277 1537 1353 imperii
1580 1279 1824 1337 tenebat.
1907 1278 2054 1336 Cum
2102 1280 2173 1337 10

223 1382 231 1392 ·
268 1371 383 1427 hoc
410 1371 702 1429 concurrit
729 1371 849 1446 ipse
877 1371 1178 1429 Eumenes,
1261 1371 1385 1434 Qui
1411 1391 1586 1447 quum
1615 1373 1762 1431 inter
1804 1393 1864 1431 se
1905 1393 2058 1432 com-

268 1464 423 1540 plexi
452 1465 512 1522 in
539 1476 746 1523 terram
774 1485 844 1522 ex
890 1452 1050 1541 equis
1091 1466 1461 1540 decidissent,
1498 1479 1562 1525 ut
1608 1467 1775 1525 facile
1817 1469 2057 1545 intelligi

268 1571 478 1636 posset,
503 1560 737 1617 inimica
758 1572 944 1619 mente
967 1562 1352 1633 contendisse,
1374 1561 1672 1636 animoque
1691 1563 1873 1638 magis
1887 1563 2059 1620 etiam

268 1654 749 1732 pugnassequAm
776 1676 1007 1733 corpore
1031 1677 1045 1726 ;
1088 1651 1205 1714 non
1231 1653 1392 1731 prius
1420 1655 1674 1714 distracti
1701 1668 1853 1731 sunt,
1887 1655 2057 1734 quam

273 1752 511 1809 alterum
539 1753 732 1810 anima
756 1752 1061 1826 reliquerit.
1145 1752 1241 1808 Ab
1268 1752 1378 1809 hoc
1397 1751 1607 1826 aliquot
1630 1753 1813 1829 plagis
1854 1753 2062 1812 Eume·
2104 1755 2177 1811 15

272 1865 376 1903 nes
402 1848 747 1918 vulneratur,
776 1865 960 1920 neque
986 1845 1057 1903 eo
1081 1847 1263 1922 magis
1299 1865 1372 1903 ex
1414 1838 1614 1922 proelio
1655 1849 1917 1921 excessit,
1961 1851 2061 1906 sed

220 1987 227 1994 .
274 1939 464 1998 acrius
492 1942 683 1998 hostes
720 1940 939 2030 institit.
995 1930 1141 1998 [Hic
1185 1940 1471 2017 equitibus
1516 1941 1845 2018 profligatis,
1894 1945 2064 2001 inter-

274 2038 426 2093 fecto
453 2034 600 2093 duce
629 2035 884 2110 Cratero,
914 2036 1105 2094 multis
1130 2048 1405 2113 praeterea
1420 2048 1478 2094 et
1503 2036 1746 2095 maxime
1781 2039 2065 2096 nobilibus

273 2132 475 2208 captis,
502 2133 763 2208 pedester
790 2131 1092 2205 exercituS,
1121 2131 1274 2208 quod
1298 2131 1369 2188 'in
1413 2151 1482 2190 ea
1517 2133 1646 2190 loca
1690 2146 1811 2192 erat
1854 2133 2063 2192 deduc-

233 2217 234 2222 *
274 2241 385 2301 tuS,
414 2239 477 2287 ut
506 2227 680 2285 invito
712 2226 973 2285 Eumene
1016 2228 1165 2285 elabi
1210 2247 1328 2287 non
1374 2240 1583 2303 posset,
1630 2248 1832 2304 pacem
1877 2230 1949 2287 ab
1991 2249 2060 2288 eo
2101 2231 2181 2288 2⁰

275 2323 452 2400 petiit.
532 2324 730 2386 Quam
756 2342 931 2399 quum
958 2323 1336 2399 impetrasset,
1367 2324 1426 2380 in
1454 2324 1565 2381 fide
1593 2344 1708 2382 non
1750 2326 1979 2399 mansit,
2007 2337 2066 2384 et

278 2438 359 2492 se,
383 2419 549 2476 simul
580 2438 649 2477 ac
684 2418 888 2495 potuit,
934 2418 1004 2474 ad
1049 2417 1418 2494 Antipatrum
1462 2419 1695 2493 recepit.
1776 2419 2067 2477 Eumenes

283 2514 603 2586 Craterum,
630 2533 702 2578 ex
730 2514 854 2570 acie
881 2512 1213 2570 semivivum
1250 2513 1481 2585 elatum,
1529 2531 1785 2570 recreare
1833 2513 2064 2570 studuit.

278 2610 481 2671 Quum
533 2608 592 2665 id
644 2623 759 2669 non
806 2620 1016 2684 posset,
1069 2628 1171 2683 pro
1223 2606 1469 2665 hominis
1514 2607 1811 2683 dignitate,
1854 2627 2065 2684 proque

280 2702 521 2780 pristina
548 2702 797 2762 amicitia
827 2693 1106 2781 (namque
1126 2703 1222 2764 illo
1250 2722 1385 2760 usus
1412 2716 1551 2776 erat,
1575 2704 1902 2761 Alexandro
1923 2703 2067 2780 vivo,
2103 2705 2183 2761 25

282 2797 659 2877 familiariter)
692 2801 876 2876 amplo
904 2800 1101 2857 funere
1119 2798 1340 2871 extulit,
1367 2817 1604 2873 ossaque
1640 2799 1700 2855 in
1740 2798 2069 2855 Macedoni-

243 2957 256 2966 ,
284 2914 375 2953 am
404 2894 566 2954 uxori
591 2894 714 2970 ejus
741 2913 809 2951 ac
830 2894 1024 2953 liberis
1048 2894 1287 2952 remisit.

361 2991 433 3049 V.
517 2989 664 3047 Haec
690 2991 825 3047 dum
848 2992 996 3067 apud
1024 2987 1460 3064 Hellespontum
1507 2956 1800 3065 geruntur,
1842 2987 2071 3045 Perdic-

285 3107 383 3146 cas
413 3086 562 3162 apud
591 3084 803 3142 flumen
831 3083 1029 3142 Nilum
1060 3083 1396 3143 interficitur
1418 3102 1452 3140 a
1479 3085 1722 3143 Seleuco
1749 3093 1806 3140 et
1827 3083 2069 3160 Antigo-

286 3202 393 3252 no;
436 3188 738 3255 rerumque
786 3198 1006 3236 summa
1048 3181 1117 3237 ad
1173 3178 1539 3255 Antipatrum
1586 3178 1851 3236 defertur.
1932 3178 2068 3253 Hic,
2108 3180 2186 3238 30

286 3277 382 3353 qui
435 3276 822 3347 deseruerant,
872 3274 1124 3332 exercitu
1178 3274 1509 3350 suffragium
1580 3274 1817 3347 ferente,
1867 3275 2069 3351 capitis

290 3373 551 3431 absentes
579 3372 940 3428 damnantur.
1021 3368 1091 3426 In
1119 3369 1209 3432 his
1252 3369 1559 3426 EumeneS.
1620 3359 1773 3426 'Hac
1818 3370 1914 3428 ille
1949 3390 2072 3446 per-

291 3485 488 3527 cussus
532 3466 702 3545 plagii
742 3485 858 3524 non
912 3465 1233 3538 succubuit,
1282 3483 1466 3539 neque
1509 3462 1579 3521 eo
1626 3464 1815 3524 secius
1861 3465 2071 3522 bellum

2250 3110 2349 3180 Q
