2492 4207
939 314 1358 365 AGESILAUS.
2078 310 2156 366 77

230 474 359 544 fore
380 475 627 547 videret,
646 472 698 532 si
724 472 1178 537 animadversum
1206 484 1378 546 esset,
1406 492 1726 551 quenquam
1749 475 1822 534 ad
1850 477 2041 535 hostes

227 573 596 649 transfugere
625 568 839 643 conari,
867 588 1001 627 cum
1029 569 1148 627 suis
1175 567 1244 627 eo
1275 569 1450 643 venit,
1481 582 1666 646 atque,
1694 583 1756 630 ut
1804 571 1853 630 si
1891 573 2040 631 bono

226 666 430 741 animo
479 656 765 739 fecissent,
792 640 1048 747 laudavit
1100 665 1403 724 consilium
1458 684 1673 743 eorum,
1702 666 1854 743 quod
1903 687 2036 725 eum

224 761 431 821 locum
455 761 852 847 occupassent,
882 772 941 819 et
967 780 1028 819 se
1057 760 1113 818 id
1151 781 1372 837 quoque
1400 761 1526 820 fieri
1553 762 1760 820 debere
1789 763 2039 822 animad-

224 856 491 927 vertisse.
573 856 673 914 Sic
712 857 1166 929 adolescentulos
1206 856 1473 916 simulata
1512 857 1840 916 laudatione
1879 879 2039 918 recu·
2075 862 2116 917 5

223 951 472 1028 pel-avit,
526 963 586 1010 et
637 952 923 1030 adjunctis
976 954 1048 1011 de
1100 952 1220 1010 suis
1272 952 1578 1012 comitibus
1621 940 1816 1013 locum
1855 965 2038 1014 tutum

225 1045 478 1122 reliquit.
560 1046 621 1104 N
623 1066 828 1124 amque
855 1048 957 1121 illi,
988 1060 1156 1113 aucto
1183 1067 1422 1108 numero
1448 1068 1664 1123 eorum,
1709 1048 1807 1124 qui
1846 1068 2040 1126 exper-

226 1153 320 1201 tes
351 1153 516 1201 erant
553 1143 801 1217 consilii,
843 1136 1198 1202 commovere
1238 1162 1301 1201 se
1342 1163 1459 1203 non
1499 1156 1633 1203 sunt
1674 1144 1817 1217 ausi,
1860 1142 2042 1220 eoque

224 1236 524 1312 libentiuS,
552 1238 706 1315 quod
734 1240 912 1296 latere
941 1238 1378 1313 arbitrabantur,
1406 1259 1529 1315 quae
1558 1239 1895 1317 cogitarant.

308 1331 451 1390 VIL·
531 1334 673 1391 Sine
707 1332 884 1392 dubio
906 1346 1035 1415 post
1072 1320 1437 1394 Leuctricam
1476 1355 1730 1413 pugnam
1771 1335 2041 1394 Lacedae-
2085 1337 2156 1393 10

225 1427 408 1487 monii
435 1448 497 1487 se
519 1446 813 1505 nunquam
837 1430 1180 1504 refecerunt,
1203 1450 1391 1507 neque
1411 1431 1718 1508 pristinum
1738 1424 2038 1508 imperium

226 1514 690 1600 recuperarunt:
752 1542 925 1601 quum
979 1525 1210 1605 interim
1266 1525 1576 1602 Agesilaus
1628 1545 1744 1584 non
1799 1527 2036 1600 destitit,

226 1618 668 1695 quibuscunque
706 1620 877 1679 rebus
903 1602 1114 1697 posset,
1135 1618 1379 1696 patriam
1392 1620 1608 1695 juvare.
1693 1619 1846 1677 Nam
1863 1640 2036 1696 quum

225 1713 516 1791 praecipue
540 1714 970 1774 Lacedaemonii
998 1712 1327 1789 indigerent
1346 1714 1616 1790 pecunia,
1641 1714 1735 1772 ille
1752 1715 2036 1788 omnibuS,
2062 1747 2064 1749 ·

225 1808 323 1884 qui
365 1829 401 1866 a
437 1828 573 1885 rege
615 1810 967 1881 defecerant,
1007 1807 1276 1883 praesidio
1317 1808 1461 1866 fuit:
1506 1827 1541 1865 a
1581 1808 1787 1884 quibus
1826 1810 2038 1885 magnii
2084 1811 2156 1866 15

226 1903 476 1960 donatus
501 1901 771 1978 pecunia,
798 1901 1042 1977 patriam
1060 1900 1391 1959 sublevavit.
1417 1900 1418 1905 ’
1475 1901 1667 1977 Atque
1689 1900 1749 1958 in
1768 1904 1876 1960 hoc
1899 1888 2037 1960 illud

226 1995 508 2072 imprimis
537 1995 644 2053 fuit
671 1993 1043 2066 admirabile3
1086 2013 1263 2072 quum
1303 1996 1554 2053 maxima
1592 2015 1834 2055 munera
1872 1996 1925 2054 ei
1968 1998 2040 2054 ab

227 2091 462 2170 regibus
513 2102 572 2150 et
615 2088 880 2168 *dynastis
939 2089 1379 2168 civitatibusque
1428 2092 1852 2165 conferrentur,
1895 2091 2037 2151 nihil

228 2206 480 2264 unquam
512 2187 629 2267 [in]
660 2188 892 2260 domum
914 2207 1075 2246 suam
1099 2188 1360 2261 contulit,
1390 2188 1533 2246 nihil
1563 2188 1636 2246 de
1677 2173 1850 2262 victu,
1893 2188 2036 2247 nihil

228 2286 300 2342 de
328 2284 535 2343 vestitu
562 2284 861 2352 Laconum
889 2283 1142 2343 mutavit.
1226 2284 1413 2343 Domo
1440 2285 1648 2343 eadem
1677 2284 1782 2343 fuit
1804 2296 2037 2344 conten·
2072 2284 2153 2346 20

227 2392 339 2459 tue,
367 2380 480 2455 qua
507 2379 918 2456 Eurysthenes,
958 2380 1285 2456 progenitor
1307 2379 1585 2455 majorum
1626 2398 1876 2452 suorum,
1920 2381 2037 2437 fue·

227 2487 314 2535 rat
353 2494 528 2532 usus:
570 2492 743 2549 quam
783 2474 881 2550 qui
922 2474 1182 2546 intrarat,
1223 2475 1446 2531 nullum
1488 2474 1717 2550 signum
1759 2472 2032 2545 libidinis,

230 2571 450 2641 nullum
468 2569 713 2636 luxuriae,
730 2569 921 2627 videre
942 2580 1194 2645 poterat3
1238 2566 1458 2641 contra,
1480 2567 1726 2644 plurima
1744 2566 2034 2644 patientiae

231 2675 401 2738 atque
429 2664 804 2723 abstinentiae.
889 2663 990 2721 Sic
1017 2664 1172 2721 enim
1200 2675 1324 2723 erat
1367 2655 1662 2736 instructa,
1691 2676 1755 2721 ut
1781 2663 1940 2722 nulla
1969 2664 2026 2720 in

228 2778 290 2816 re
319 2758 571 2817 differret
596 2778 630 2817 a
655 2759 905 2836 cujusvis
933 2757 1118 2835 inopis
1147 2770 1315 2834 atque
1341 2759 1561 2835 privati.
1745 2794 1750 2800 ·
2067 2758 2145 2816 25

276 2845 480 2912 'VIIL
562 2854 752 2931 Atque
795 2853 891 2912 hic
932 2865 1125 2913 tantus
1164 2853 1270 2928 vir,
1311 2866 1375 2912 ut
1413 2866 1676 2912 naturam
1731 2851 2049 2911 fautricem‘

230 2951 506 3008 habuerat
546 2949 606 3007 in
645 2950 963 3008 tribuendis
1006 2949 1183 3007 animi
1223 2949 1545 3022 virtutibus,
1589 2947 1672 3006 sic
1713 2946 2030 3005 maleficam

230 3058 432 3105 nactus
472 3056 560 3104 est
599 3045 659 3102 in
699 3064 933 3122 corpore
975 3045 1263 3122 fingendo.
1371 3044 1522 3102 Nam
1573 3054 1632 3101 et
1672 3040 1886 3100 statura
1927 3041 2031 3100 fuit

228 3141 448 3215 humili,
476 3150 535 3199 et
556 3160 790 3217 corpore
818 3140 1046 3218 exiguo,
1075 3152 1135 3199 et
1161 3140 1402 3198 claudus
1431 3141 1608 3199 altero
1633 3138 1796 3215 pede.
1878 3137 2029 3199 Quae
2139 3204 2147 3213 ⁶

227 3256 317 3295 res
370 3237 542 3296 etiam
595 3236 933 3296 nonnullam
985 3236 1258 3294 afferebat
1304 3234 1738 3294 deformitatem.
1838 3234 2030 3309 Atque
2069 3233 2146 3289 30

230 3331 406 3409 ignoti
434 3331 639 3393 faciem
668 3332 794 3408 ejus
821 3348 995 3406 quum
1016 3331 1392 3403 intuerentur,
1416 3328 1891 3404 contemnebant:
1934 3327 2030 3403 qui

231 3439 417 3485 autem
460 3428 694 3486 virtutes
734 3438 1028 3499 noverant,
1070 3446 1185 3485 non
1249 3436 1510 3502 poterant
1567 3423 1831 3483 admirari
1874 3420 2024 3480 satis.

229 3520 404 3582 Quod
445 3524 500 3581 ei
541 3543 649 3581 usu
690 3521 866 3596 venit,
907 3541 1079 3597 quum
1122 3540 1397 3580 annorum
1447 3521 1737 3597 octoginta
1778 3515 2028 3576 subsidio

619 3621 657 3675 7
685 3618 719 3653 ιιι
