2492 4207
322 245 399 303 42
1178 252 1367 302 DION.

436 414 692 491 gationes
719 412 871 487 vero,
898 431 1025 489 quaa
1069 424 1260 471 essent
1308 411 1656 484 illustriores,
1699 431 1797 487 per
1834 411 2080 470 Dionem
2125 413 2222 470 ad-

437 509 931 578 ministrabantur;
993 528 1133 584 quas
1179 507 1409 584 quidem
1456 508 1549 565 ille
1592 506 1893 584 diligenter
1934 509 2221 581 obeund0,

434 605 674 663 fideliter
722 604 1185 678 administrando,
1235 603 1691 662 crudelissimum
1738 622 1947 661 nomen
1993 603 2224 679 tyranni

435 701 541 758 sua
567 701 919 759 humanitate
939 702 1183 777 tegebat.
1268 699 1445 757 Hunc
1467 719 1502 756 a
1529 699 1805 775 Dionysio
1826 700 2062 756 missum
2083 699 2222 757 Car-

355 796 395 852 5
431 796 821 872 thaginienses
853 807 1268 872 suspexerunt,‚
1293 807 1356 852 ut
1391 794 1681 852 neminem
1725 812 1974 869 unquam
2018 794 2223 853 Graeoa

432 891 629 968 lingua
655 894 976 976 loquentem
1005 892 1187 967 magis
1215 891 1330 948 sint
1358 891 1633 949 admirati.

510 986 590 1044 II.
671 987 874 1062 Neque
923 984 1055 1044 vero
1111 988 1233 1043 haec
1278 986 1618 1062 Dionysium
1659 986 1969 1062 fugiebant.
2068 985 2225 1044 Nam

431 1094 641 1157 quanto
662 1094 811 1140 esset
839 1081 947 1149 sibi
973 1093 1328 1154 ornamento,
1369 1083 1665 1139 sentiebat.
1746 1080 1885 1142 Quo
1925 1081 2113 1152 fiebat,
2157 1095 2225 1140 ut

433 1176 533 1233 uni
561 1177 695 1237 huic
724 1173 972 1233 maxime
1001 1175 1344 1253 indulgeret,
1374 1196 1559 1251 neque
1586 1196 1718 1233 eum
1761 1195 1928 1233 secus
1959 1175 2252 1252 diligeret·

322 1272 394 1329 10
435 1291 504 1329 ac
555 1272 750 1328 filium.
831 1271 955 1332 Qui
1008 1272 1261 1345 quidem,
1316 1291 1510 1346 quum,
1559 1272 1854 1330 Platonem
1901 1271 2227 1329 Tarentum

430 1366 673 1438 venisse,
729 1366 880 1423 fama
926 1366 986 1422 in
1041 1365 1301 1423 Siciliam
1364 1377 1515 1423 esset
1581 1368 1817 1442 perlata,
1874 1367 2227 1425 adolescenti

432 1478 643 1535 negare
697 1479 812 1517 non
854 1459 1054 1535 potuit,
1097 1459 1235 1534 quin
1283 1479 1417 1516 eum
1465 1473 1797 1533 arcesseret,
1845 1480 2020 1536 quum
2068 1461 2226 1520 Dion

377 1591 385 1600 .
431 1555 554 1631 ejus
608 1555 879 1612 audiendi
933 1555 1244 1629 cupiditate
1302 1555 1592 1630 flagraret..
1684 1554 1860 1613 Dedit
1906 1575 2043 1631 ergo
2089 1557 2230 1614 huic

432 1651 675 1723 veniam,
704 1652 1025 1727 magnaque
1053 1669 1185 1707 eum
1235 1649 1543 1726 ambitione
1586 1650 1900 1725 Syracusas
1942 1652 2226 1725 perduxit.

321 1748 393 1803 15
429 1745 625 1806 Quem
655 1745 808 1804 Dion
838 1743 982 1802 adeo
1013 1745 1325 1802 admiratus
1372 1757 1458 1802 est
1507 1755 1672 1820 atque
1713 1745 2015 1817 adamavit,
2064 1758 2128 1803 ut
2163 1768 2230 1805 se

430 1853 610 1900 totum
633 1841 689 1899 ei
715 1842 977 1899 traderet.
1060 1841 1266 1917 Neque
1294 1840 1427 1899 vero
1475 1841 1639 1899 Plato
1679 1840 1870 1900 minus
1912 1842 2231 1901 delectatus

430 1950 516 1996 est
543 1937 748 1995 Dione.
832 1938 1033 2013 Itaque
1060 1957 1234 2013 quum
1265 1956 1299 1995 a
1326 1937 1603 2013 Dionysio
1645 1950 1886 2013 tyranno
1923 1938 2228 1997 crudeliter

431 2035 668 2092 violatus
688 2046 858 2107 esset,
886 2034 1092 2109 quippe
1134 2052 1303 2107 quem
1347 2033 1662 2089 venundari
1703 2033 1981 2108 jussisset,
2036 2045 2229 2091 tamen

431 2127 634 2185 eodem
658 2128 845 2199 rediit,
873 2127 1131 2201 ejusdem
1160 2125 1367 2183 Dionis
1393 2126 1660 2200 precibus
1689 2128 1988 2184 adductus,
2073 2129 2230 2188 Inte-

317 2223 394 2279 20
433 2222 539 2279 rim
585 2222 644 2277 in
700 2221 956 2278 morbum
1006 2218 1209 2277 incidit
1258 2217 1586 2294 Dionysius.
1666 2220 1806 2281 Quo
1844 2240 2020 2295 quum
2066 2227 2230 2298 gravi

434 2316 876 2388 conflictaretur,
904 2315 1161 2390 quaesivit
1199 2334 1233 2373 a
1273 2316 1513 2374 medicis
1556 2315 1729 2389 Dion,
1778 2317 2230 2393 quemadmodum

435 2434 490 2471 se
517 2413 742 2470 haberet
761 2415 787 2467 .⁷
830 2411 1108 2487 simulque
1140 2412 1212 2470 ab
1239 2410 1329 2469 his
1353 2410 1537 2487 petiit,
1566 2412 1618 2468 si
1627 2410 1796 2486 fort&
1843 2412 2046 2488 mcy‘ori
2088 2426 2230 2474 esset

425 2509 699 2586 periculo,
728 2517 793 2565 ut
819 2508 929 2565 sibi
939 2506 1292 2583 faterentur.
1375 2508 1529 2564 Nam
1555 2508 1689 2564 velle
1716 2528 1771 2565 se
1799 2528 1918 2565 cum
1966 2529 2025 2566 eo
2069 2512 2230 2569 collo-

436 2606 535 2682 qui
562 2605 628 2662 de
643 2604 950 2681 partiendo
978 2623 1151 2678 regno
1174 2624 1193 2659 .-
1233 2602 1387 2678 quod
1415 2603 1620 2662 sororis
1669 2623 1784 2660 suae
1827 2604 1973 2663 filios
2020 2625 2091 2663 ex
2133 2607 2228 2665 illo

320 2700 400 2759 25
437 2713 601 2758 natos
621 2712 838 2776 partem
881 2699 1044 2775 regni
1084 2699 1324 2774 ,putabat
1364 2700 1571 2757 debere
1614 2700 1869 2757 habere·
1922 2699 1990 2757 Id
2018 2702 2227 2759 medici

438 2816 553 2855 non
580 2806 902 2866 tacuerunt,
932 2806 989 2852 et
1022 2796 1092 2851 ad
1133 2794 1473 2870 Dionysium
1515 2795 1693 2852 filium
1735 2815 2053 2856 sermonem
2081 2809 2227 2856 retu·

439 2892 643 2950 lerunt.
722 2890 862 2952 Quo
888 2890 983 2948 ille
1030 2902 1364 2963 commotus,
1414 2911 1487 2948 ne
1531 2890 1738 2967 agendi
1786 2910 1918 2948 cum
1968 2913 2037 2950 eo
2078 2904 2228 2950 esset

442 2985 616 3045 Dioni
643 2997 909 3063 potestaS,
938 2986 1082 3061 patri
1106 3007 1361 3063 soporem
1379 2986 1630 3044 medicos
1652 2987 1787 3044 dare
1807 2987 2013 3064 coegit.
2095 2986 2227 3045 Hoc

446 3099 594 3156 aeger
622 3094 864 3158 sumpt0‚
893 3094 953 3140 ut
984 3102 1181 3140 somno
1204 3084 1438 3158 sopitus,
1468 3082 1617 3139 diem
1640 3082 1781 3141 obiit
1818 3100 2157 3159 supremum.

329 3177 407 3234 30
521 3176 635 3233 ΙΙΙ.
716 3178 865 3235 Tale
894 3178 1118 3235 initium
1148 3172 1254 3235 {hit
1281 3178 1483 3235 Dionis
1511 3190 1566 3235 et
1595 3178 1856 3254 Dionysii
1902 3177 2221 3249 simultatiS,

446 3290 624 3345 eaque
651 3274 842 3332 multis
869 3275 1038 3331 rebus
1065 3285 1233 3331 aucta
1270 3285 1371 3331 est.
1447 3274 1572 3332 Sed
1614 3286 1805 3332 tamen
1848 3271 2044 3347 primis
2088 3285 2224 3331 tem·

446 3365 676 3441 poribus
705 3367 1029 3442 aliquandiu
1059 3368 1323 3425 simulata
1370 3368 1515 3425 inter
1562 3388 1660 3427 eos
1704 3366 1954 3424 amicitia
1995 3368 2219 3427 mansit.

446 3460 757 3536 Quumque
797 3463 949 3521 Dion
988 3482 1101 3521 non
1129 3462 1424 3521 desisteret
1450 3461 2134 3538 obsecrare-Dionysium,
2162 3476 2224 3519 ut
