2492 4207
968 336 1334 385 CHABRIAS.
2064 327 2140 385 49

265 495 506 570 quassa,
533 516 651 555 non
676 495 830 572 prius
856 495 1126 553 Thebani
1177 496 1379 571 Sparta
1412 497 1829 570 abscessissent,
1858 495 2025 573 quam

264 603 485 666 captam
514 591 778 650 incendio
806 590 1108 650 delessent.
1725 656 1732 663 ‚

339 685 455 743 III.
535 686 669 746 Fuit
696 699 883 745 autem
909 699 966 744 et
994 687 1182 745 animo
1209 705 1419 762 magno
1445 700 1503 743 et
1523 706 1772 763 corpore,
1795 687 2030 765 impera-

262 782 518 856 toriaque
559 783 752 854 forma,
779 793 843 840 ut
870 782 990 858 ipso
1021 793 1254 858 aspectu
1285 782 1466 839 cuivis
1503 781 1760 858 injiceret
1796 769 2030 843 admira-

265 877 478 934 tionem
513 878 615 935 sui.
697 878 811 935 Sed
849 878 909 935 in
953 878 1144 936 labore
1172 877 1454 939 ‘remissus
1497 877 1688 951 nimiS‚
1729 898 2033 955 parumque
2071 881 2111 937 5

208 1048 211 1051 Ι
266 971 504 1048 patiens,
532 986 605 1032 ut·
631 973 1006 1051 Theopompus
1034 973 1317 1032 memoriae
1364 972 1641 1049 prodidit3
1683 974 1865 1031 bonus
1891 973 2032 1035 vero

266 1066 423 1142 civis,
450 1068 669 1144 fideque
696 1070 921 1147 magna.
1001 1070 1178 1131 Quod
1198 1088 1372 1145 quum
1394 1069 1453 1126 in
1483 1069 1607 1127 aliis
1646 1069 1816 1127 rebus
1852 1069 2037 1126 decla·

264 1164 423 1236 ravit,
450 1176 569 1222 tum
594 1163 840 1223 maxime
858 1165 918 1222 in
936 1165 1199 1240 Amyntae
1217 1163 1558 1223 Macedonis
1577 1163 1770 1222 liberis
1790 1163 2033 1222 tuendis.

265 1256 524 1334 Namque
571 1260 878 1336 Eurydice,
927 1270 1105 1318 mater*
1156 1259 1446 1317 Perdiocae
1499 1273 1557 1319 et
1608 1258 1875 1336 Philippi,
1905 1276 2036 1316 cum

265 1353 352 1411 his
379 1355 597 1413 duobus
623 1353 833 1431 pueris,
864 1355 1112 1431 Amynta
1160 1367 1400 1428 mortuo,
1432 1356 1502 1412 ad
1531 1354 1877 1432 Iphicratem
1905 1373 2038 1411 oon-
2080 1354 2152 1411 10

265 1449 424 1526 fugit,
453 1451 688 1526 ejusque
715 1447 914 1526 opibus
941 1451 1177 1509 defensa
1202 1463 1305 1509 est.
1387 1450 1547 1508 Vixit
1575 1450 1646 1507 ad
1664 1462 2036 1522 senectutem,

262 1543 498 1618 placatis
526 1544 584 1600 in
613 1564 673 1601 se
716 1565 943 1603 suorum
979 1545 1190 1603 civium
1235 1545 1457 1602 animis.
1540 1545 1789 1601 Causam
1837 1544 2038 1620 capitis

265 1632 435 1697 semel
459 1639 618 1712 dixit,
649 1641 794 1698 bello
820 1640 1037 1712 sociali,
1086 1639 1254 1697 simul
1309 1657 1440 1696 oum
1492 1638 1818 1711 TimotheO,
1860 1657 2037 1714 eoque

258 1734 474 1808 judicio
520 1746 606 1797 est
657 1736 962 1792 absolutus
1060 1733 1401 1803 Menesthea
1451 1733 1629 1791 filium
1682 1732 1950 1809 reliquit,‘
1969 1754 2040 1792 ex
2087 1763 2093 1770 ·

264 1828 517 1886 Thressa
564 1839 780 1900 natum,
824 1828 956 1885 Coti
1003 1828 1159 1907 regis
1204 1827 1339 1884 filia.
1419 1828 1479 1884 Is
1525 1847 1697 1903 quum
1736 1829 2040 1904 interroga·
2083 1830 2156 1885 15

262 1935 438 1994 retur,
465 1920 656 1978 utrum
684 1922 873 1996 pluris
898 1929 1126 1997 patr-‚em
1164 1929 1461 1978 matremne
1492 1920 1756 1997 sacerd,-
1796 1931 2041 1994 matrem,

267 2016 464 2090 inquit.
546 2013 615 2071 Id
668 2034 839 2090 quum
889 2015 1153 2074 omnibus
1205 2015 1412 2074 mirum
1458 2016 1777 2073 videretur:
1819 2025 1900 2089 at,
1929 2017 2041 2090 ille,

265 2109 481 2185 meritd,
524 2111 720 2186 inquit,
745 2110 934 2187 facio.
1016 2110 1170 2170 Nam
1183 2122 1380 2189 pater,
1408 2121 1676 2189 quantum
1714 2114 1774 2169 in
1816 2133 1871 2171 se
1889 2112 2041 2191 fuit,

277 2195 548 2266 Thraeem
567 2226 647 2272 me
674 2208 906 2281 creavit,
934 2216 1133 2265 contra
1159 2228 1227 2267 ea
1252 2217 1430 2266 mater
1456 2207 1863 2267 Atheniensem.

644 2544 650 2550 ⁴
746 2587 887 2646 ΧΗ.
972 2585 1563 2645 CHABRIAS.

349 2770 398 2828 Ι.
460 2769 779 2845 Chabrias,
823 2771 1202 2829 Atheniensis,
1288 2769 1403 2827 Hic
1451 2789 1670 2845 quoque
1704 2770 1763 2827 in
1811 2770 2044 2828 summis
2081 2771 2158 2829 20

274 2866 500 2926 habitus
549 2881 634 2927 est
682 2868 945 2940 ducibuS,
998 2886 1196 2943 resque
1248 2867 1454 2924 multas
1519 2866 1789 2923 memoria
1841 2866 2044 2943 dignas

273 2962 464 3040 gessit.
547 2962 661 3019 Sed
711 2983 782 3021 ex
834 2962 923 3021 his
974 2964 1162 3021 elucet
1213 2960 1459 3020 maxime
1501 2961 1792 3019 inventum
1833 2961 1957 3037 ejus
1983 2962 2040 3020 in

272 3057 488 3135 proelio,
532 3058 681 3132 quod
721 3051 868 3133 apud
913 3058 1148 3116 Thebas
1196 3059 1350 3131 fecit,
1386 3078 1558 3134 quum
1598 3055 1836 3136 Boeotiis
1867 3057 2044 3117 subsi-

277 3152 370 3213 dio
420 3147 685 3211 ve'nisset.
766 3152 1025 3229 Namque
1074 3156 1132 3212 in
1186 3174 1255 3213 eo
1300 3154 1535 3212 victoria
1578 3154 1789 3210 fidente
1826 3174 2045 3214 summo

277 3250 423 3307 duce
453 3248 743 3327 Agesila0‚
774 3249 977 3323 fugatis
1001 3251 1115 3326 jam
1156 3251 1226 3307 ab
1269 3270 1336 3308 eo
1378 3249 1742 3312 conductitiis
1784 3253 2042 3325 catervis,
2080 3253 2157 3309 25

278 3345 551 3421 reliquam
575 3345 916 3423 phalangem
944 3345 1067 3402 looo
1094 3346 1270 3404 vetuit
1298 3348 1521 3418 cedere,
1549 3346 1864 3423 obnixoque
1892 3369 2043 3426 genu

279 3453 458 3515 scuto,
485 3441 736 3518 projecta
767 3439 930 3519 [que]
962 3441 1140 3515 hasta,
1186 3442 1456 3518 impetum
1494 3441 1753 3519 excipere
1800 3445 2042 3517 hostium

282 3535 486 3596 docuit.
569 3537 637 3594 Id
685 3555 891 3596 novum
939 3537 1243 3613 Agesilaiis
1290 3549 1586 3612 contuenS,
1629 3539 1888 3615 progredi
1930 3557 2043 3595 non

660 3633 700 3688 5
