2492 4207
1053 209 1435 261 HANNIBAL.
2144 209 2255 267 105

359 383 491 424 eum
517 366 807 426 Hannibal
844 369 1099 446 opprimi.
1183 372 1300 428 Sed
1341 372 1637 448 utrobique
1679 375 1968 433 Eumenes
2012 374 2142 453 plus

358 462 578 521 valebat
601 475 828 539 propter
864 465 1258 524 Romanorum
1286 449 1615 526 societatem
1639 490 1652 526 ε
1694 490 1860 546 quem
1887 472 1936 529 si
1964 491 2141 531 remo-

355 556 545 630 visset,
570 559 824 640 faciliora
848 561 957 618 sibi
985 543 1358 634 caeter-afore,
1390 563 1780 624 arbitrabatur.
1861 568 1955 624 Ad
1984 570 2140 626 hunc

354 653 813 714 interficiendum
864 658 1036 715 talem
1090 657 1219 716 iniit
1271 659 1568 716 rationem.
1697 660 1894 718 Classe
1941 664 2140 739 paucis

352 749 558 806 diebus
596 763 758 808 erant
797 743 1119 810 decreturi.
1181 753 1568 829 Superabatur
1617 754 1845 811 navium
1892 758 2141 816 multitu·
2177 760 2216 814 5

352 844 507 901 dine.
587 845 732 904 Dolo
752 858 872 905 erat
892 849 1286 926 pugnandum,
1309 869 1484 924 quum
1510 868 1610 926 par
1632 868 1748 907 non
1777 862 1925 927 esset
1953 853 2137 910 armis.

352 938 657 1016 Imperavit
720 941 920 1017 quAmr,
953 944 1224 1019 plurimas
1280 957 1588 1002 venenatas
1656 956 1946 1020 serpentes
1991 946 2142 1004 vivas

352 1037 562 1113 colligi,
602 1041 807 1114 easque
857 1039 915 1097 in
964 1059 1100 1097 vasa
1145 1040 1345 1098 fictilia
1390 1040 1616 1116 conjici.
1652 1101 1660 1106 ,
1701 1040 1923 1097 Harum
1969 1057 2141 1116 quum

351 1131 691 1192 confecisset
710 1154 977 1211 magnam
1005 1135 1446 1208 multitudinem,
1469 1135 1562 1192 die
1591 1135 1731 1211 ipso,
1756 1155 1867 1210 quo
1889 1136 2142 1192 facturus

349 1240 470 1285 erat
496 1230 701 1310 navalev
719 1230 1002 1305 proelium,
1040 1229 1360 1287 classiarios
1386 1243 1680 1303 convocat,
1704 1231 1903 1306 hisque
1946 1230 2141 1307 praeci-
2182 1231 2256 1288 10

186 1351 190 1354 Δ
259 1392 319 1414 .-
347 1322 431 1398 pit
456 1343 653 1381 omnes
681 1337 744 1381 ut
773 1324 831 1381 in
860 1344 1033 1381 unam
1063 1324 1340 1383 Eumenis
1365 1326 1517 1403 regis
1543 1338 1889 1385 concurrant
1915 1346 2140 1400 navem,

349 1436 384 1475 a
410 1420 630 1476 caeteris
657 1419 880 1477 tantum
909 1418 1053 1478 satis'
1072 1422 1318 1479 habeant
1346 1441 1406 1479 se
1434 1423 1759 1480 defendere.
1873 1421 1942 1479 Id
1971 1420 2140 1504 facile

348 1513 475 1571 illos
503 1515 846 1590 serpentium
874 1516 1237 1588 multitudine
1266 1528 1694 1575 consecuturos.
1788 1517 1922 1574 Rex
1950 1529 2140 1576 autem

348 1608 407 1665 in
436 1611 547 1684 qua
574 1629 718 1668 nave
745 1611 1063 1684 veheretur,
1092 1623 1156 1669 ut
1183 1610 1418 1683 scirent,
1446 1595 1508 1667 se
1536 1612 1819 1669 facturum
1842 1633 1856 1680 3
1897 1631 2065 1686 quem
2092 1613 2140 1669 si

347 1716 445 1762 aut
470 1706 773 1782 cepissent,
804 1717 901 1764 aut
928 1706 1367 1778 interfecissent,
1393 1724 1604 1782 magno
1629 1703 1720 1763 his
1744 1707 2041 1782 pollicetur
2078 1707 2138 1765 id
2181 1709 2257 1766 15

344 1801 578 1875 praemio
606 1802 741 1858 fore.
1767 1878 1772 1885 Ι

425 1895 534 1951 ΧΙ.
615 1895 751 1952 Tali
819 1893 1208 1951 cohortatione
1278 1894 1523 1953 militum
1578 1896 1752 1968 facta,
1806 1897 2003 1954 classis
2073 1898 2146 1954 ab

348 1990 599 2065 utrisque
641 1990 699 2047 in
731 1985 1007 2065 'proelium
1055 1979 1374 2048 deducitur.
1455 1990 1722 2080 Quarum
1772 1991 1895 2049 acie
1937 1992 2160 2062 constia,

346 2086 491 2160 tutti,
543 2085 871 2163 priusquam
910 2085 1137 2162 signum
1176 2097 1385 2162 pugnae
1434 2085 1683 2160 daretur,
1727 2086 2040 2162 Hannibal,
2081 2100 2144 2147 ut

345 2182 533 2261 palam
562 2183 775 2240 faceret
802 2172 1077 2257 suiss‘qiro
1102 2182 1230 2240 loco
1265 2181 1556 2240 Eumenes
1582 2181 1754 2255 esset,
1783 2183 2141 2264 tabellarium
2179 2183 2268 2247 20,

348 2278 406 2336 in
435 2278 647 2354 scapha
673 2296 806 2335 cum
834 2277 1090 2335 caduceo
1118 2276 1291 2335 mittit
1313 2297 1328 2347 3
1369 2277 1465 2353 qui
1490 2278 1592 2335 ubi
1630 2279 1701 2335 ad
1727 2297 1902 2335 naves
1946 2280 2143 2355 adver-

348 2374 621 2431 sariorum
667 2371 944 2449 pervenit,
973 2372 1268 2448 epistolam
1312 2373 1642 2444 ostendenS,
1682 2392 1744 2429 se
1790 2391 1983 2447 regem
2019 2393 2144 2450 pro-

351 2470 531 2526 fessus
557 2479 643 2526 est
670 2454 936 2543 quaerere.
1047 2465 1253 2524 Statim
1280 2466 1351 2522 ad
1379 2465 1700 2523 Eumenem
1727 2466 2008 2533 deductus
2035 2456 2141 2536 est,

429 2560 504 2618 od
547 2581 717 2620 nemo
756 2561 1071 2634 dubitabat,
1115 2560 1327 2635 aliquid
1376 2561 1448 2617 de
1494 2578 1638 2636 pace
1686 2579 1811 2617 esse
1854 2559 2141 2636 scriptum.

314 2581 729 2730 ssaoellarius,
783 2657 948 2714 ducis
987 2676 1132 2714 nave
1187 2657 1477 2714 declarata
1524 2656 1660 2728 suis,
1714 2653 1939 2737 eodem,
1961 2672 1964 2675 ·
1989 2657 2141 2714 unde
2178 2656 2258 2713 25

355 2752 517 2824 ierat,
545 2771 606 2809 se
626 2751 855 2829 recepit.
938 2752 1019 2810 At
1047 2752 1359 2823 Eumenes,
1388 2751 1573 2810 soluta
1621 2750 1880 2826 epistola,
1910 2750 2051 2809 nihil
2081 2750 2142 2809 in

353 2848 424 2904 efi
466 2847 692 2923 reperit,
744 2847 855 2923 nisi
907 2848 1059 2923 quod
1109 2848 1179 2903 ad
1236 2847 1588 2905 irridendum
1628 2864 1758 2912 eum
1794 2844 2138 2921 pertineret:

353 2941 520 3018 cujus
547 2941 655 2999 etsi
682 2960 915 3000 causam
944 2943 1275 3014 mirabatur,
1304 2961 1487 3016 neque
1519 2941 1924 3018 reperiebatur,
1951 2952 2142 2999 tamen

351 3037 616 3114 proelium
654 3037 844 3094 statim
883 3039 1236 3096 committere
1280 3057 1396 3095 non
1441 3036 1733 3094 dubitavit.
1816 3035 2036 3094 Horum
2083 3037 2142 3095 in
2187 3108 2191 3112 ι

353 3128 645 3202 concursu
665 3132 919 3207 Bithyni,
947 3133 1292 3192 Hannibalis
1317 3145 1618 3210 praecepto,
1647 3130 1893 3189 universi
1939 3151 2141 3192 navem
2180 3136 2288 3193 30,

354 3230 631 3289 Eumenis
671 3228 1035 3288 adoriuntur:
1077 3249 1315 3304 quorum
1354 3229 1468 3286 vim
1509 3236 1684 3304 quum
1723 3246 1825 3284 rex
1864 3228 2144 3288 sustinere

353 3346 470 3386 non
508 3338 716 3406 posset,
747 3324 882 3402 fuga
923 3325 1160 3383 salutem
1198 3325 1396 3402 petiit3
1436 3343 1606 3401 quam
1646 3335 1985 3382 consecutus
2026 3343 2139 3381 non

356 3433 524 3496 esset,
551 3421 664 3480 nisi
704 3420 854 3480 intra
880 3438 985 3479 sua
1008 3420 1271 3496 praesidia
1298 3440 1358 3478 se
1384 3420 1711 3495 recepisset,
1739 3436 1863 3494 quae
1885 3418 1951 3487 ,in
1978 3437 2139 3494 prox-
