2492 4207
378 249 458 307 24
732 260 735 269 '
1194 253 1584 304 LYSANDER..

494 419 580 477 sic
618 434 784 475 coena
819 416 874 473 ei
914 416 1278 499 coquebatur?
1315 427 1399 488 ut,
1438 434 1578 490 quos
1618 415 1906 473 invocatos
1946 413 2181 474 vidisset
2220 414 2279 474 in

497 516 633 586 foro,
670 531 867 570 omnes
894 511 1223 570 devocaret:
1266 512 1414 588 quod
1457 513 1645 569 facere
1686 511 1912 569 nullum
1947 510 2101 569 diem
2139 531 2281 587 prae-

493 607 854 668 termittebat.
960 607 1120 666 Nulli
1142 608 1283 665 fides
1303 608 1448 683 ejus,
1471 607 1612 665 nulli
1632 626 1823 684 opera,
1846 607 1988 665 nulli
2008 626 2102 665 res
2123 607 2281 664 fami·

490 705 647 764 liaris
685 704 892 776 defuit3
942 705 1147 763 multos
1185 703 1549 779 locupletavit
1564 723 1579 774 3
1648 702 1965 781 complures
2000 720 2280 779 pauperes

375 803 416 859 5
493 810 760 873 mortuos,
820 800 937 875 qui,
982 800 1135 857 unde
1175 799 1527 872 efferrentur,
1583 818 1699 858 non
1753 798 2132 874 reliquissent,
2175 817 2280 856 suo

490 908 715 972 sumptu
741 895 957 954 extulit.
1042 895 1142 952 Sic
1168 914 1230 952 se
1256 895 1528 971 gerendo,
1555 891 1792 952 minime
1819 905 1908 952 est
1930 893 2275 966 mirandum,

490 991 540 1050 si
559 1003 617 1050 et
640 990 757 1050 vita
781 991 905 1067 ejus
932 989 1037 1048 fuit
1063 1009 1284 1063 secura,
1311 1001 1369 1048 et
1395 1009 1546 1048 mors
1572 990 1792 1048 acerba.

1003 1386 1107 1445 VI.
1176 1384 1756 1444 LYSANDER.

563 1560 611 1619 Ι.
692 1561 1016 1638 Lysander,
1062 1561 1541 1633 Lacedaemonius‚
1598 1578 1865 1636 magnam
1912 1556 2139 1634 reliquit
2184 1559 2271 1616 sui

487 1658 714 1732 famam,
742 1658 925 1735 magis
952 1658 1223 1717 felicitate
1263 1654 1431 1735 quam
1471 1655 1676 1714 virtute
1715 1664 1951 1731 partam.
2033 1652 2272 1713 Atheni-

373 1754 653 1812 menses
691 1753 846 1811 enim
891 1754 951 1812 in
999 1753 1442 1830 Peloponnesios
1487 1763 1647 1810 sexto
1699 1762 1758 1809 et
1811 1750 2080 1809 vicesimo
2123 1769 2271 1808 anno

485 1849 695 1907 bellum
746 1862 1010 1926 gerentes
1058 1850 1374 1909 confecisse
1422 1836 1673 1926 apparet(
1773 1847 1843 1905 Id
1894 1847 2008 1922 qua
2052 1847 2270 1906 ratione

483 1957 825 2005 consecutus
866 1946 958 2019 sit,
987 1947 1139 2005 latet.
1222 1945 1358 2005 Non
1395 1944 1551 2003 enim
1591 1945 1796 2003 virtute
1836 1943 1925 2002 sui
1967 1942 2269 2015 exercitus,

482 2044 582 2099 sed
631 2042 988 2100 immodestia
1040 2044 1256 2099 factum
1308 2054 1395 2099 est
1448 2041 1914 2113 adversariorum,
1957 2042 2074 2116 qui,
2117 2040 2269 2118 quod

482 2136 635 2194 dicto
664 2135 960 2193 audientes
1001 2134 1434 2208 imperatoribus
1475 2133 1593 2189 suis
1634 2153 1750 2191 non
1792 2148 1976 2207 erant,
2005 2136 2269 2211 dispalati

371 2232 444 2289 15
481 2231 542 2287 in
560 2229 730 2305 agriS,
772 2228 987 2287 relictis
1013 2228 1256 2285 navibus
1276 2227 1335 2284 in
1357 2225 1601 2286 hostium
1623 2240 1900 2286 venerunt
1914 2240 2270 2304 potestatem.

477 2324 616 2387 Quo
664 2325 814 2382 facto
864 2322 1252 2382 Athenienses
1298 2342 1359 2381 se
1413 2322 1865 2382 Lacedaemoniis
1910 2324 2269 2387 dediderunt.

479 2420 614 2478 Hac
639 2417 874 2477 victoria
903 2418 1196 2495 Lysander
1223 2419 1427 2491 elatus),
1454 2438 1628 2494 quum
1658 2431 1826 2478 antea
1862 2439 2082 2498 semper
2111 2423 2269 2482 facti·

475 2536 608 2575 osus
637 2515 932 2590 audaxque
962 2514 1177 2587 fuisset,
1205 2514 1291 2572 sic
1317 2514 1426 2572 sibi
1463 2514 1715 2589 indulsit,
1743 2527 1806 2573 ut
1848 2516 1972 2592 ejus
2010 2519 2185 2593 opera
2210 2520 2268 2577 in

477 2612 785 2671 maximum
853 2611 1048 2668 odium
1099 2611 1339 2669 Graeciae
1407 2608 1826 2671 Lacedaemonii
1891 2613 2265 2690 pervenerint.

359 2711 440 2768 20
478 2708 633 2766 Nam
657 2725 832 2782 quum
859 2707 1011 2763 hanc
1038 2725 1271 2764 causam
1298 2707 1721 2766 Lacedaemonii
1763 2707 2121 2767 dictitassent
2162 2710 2266 2767 sibi
2301 2775 2307 2783 ,

476 2823 602 2863 esse
642 2801 796 2874 belli,
830 2813 892 2859 ut
932 2801 1376 2862 Atheniensium
1416 2803 1782 2879 impotentem
1823 2803 2265 2863 dominationem

475 2899 870 2976 restingerent,
923 2909 1218 2973 postquam
1275 2899 1424 2974 apud
1472 2898 1651 2974 AEgos
1703 2897 1916 2957 flumen
1969 2899 2264 2977 Lysander

477 2994 675 3054 classis
702 2993 949 3053 hostium
977 3005 1064 3052 est
1087 2994 1322 3070 potitnS,
1351 2994 1493 3051 nihil
1525 2994 1678 3051 aliud
1705 2995 1933 3054 molitus
1958 3007 2061 3067 est,
2091 2993 2263 3070 quam

475 3102 539 3148 ut
563 3109 761 3149 omnes
783 3089 1041 3148 civitates
1068 3090 1128 3147 in
1155 3089 1261 3147 sua
1306 3100 1525 3148 teneret
1559 3101 1857 3165 potestate,
1884 3108 2057 3166 quum
2095 3090 2151 3149 id
2202 3112 2263 3150 se

358 3187 438 3245 25
477 3186 1037 3245 Lacedaemoniorum
1104 3186 1281 3243 causa
1345 3186 1533 3243 facere
1599 3184 1903 3244 simularet.
1999 3183 2058 3241 N
2061 3204 2263 3264 amque

475 3281 746 3357 undique,
792 3282 889 3358 qui
933 3280 1373 3341 Atheniensium
1415 3280 1584 3340 rebus
1630 3281 1996 3353 studuissent,
2040 3281 2259 3357 ejectis,

476 3379 677 3450 decem
703 3377 992 3455 delegerat
1018 3379 1078 3435 in
1104 3377 1443 3452 unaquaque
1471 3376 1719 3448 civitate,
1746 3373 1952 3450 quibus
1977 3396 2260 3435 summum

477 3471 773 3549 imperium
826 3486 1274 3570 potestatemque
1324 3472 1578 3531 omnium
1624 3490 1812 3540 rerum
1866 3472 2258 3531 committeret.

768 3567 779 3578 ⁸
1361 3563 1382 3596 i
