2492 4207
272 243 350 300 76
1085 248 1503 299 AGESILAUS.

384 412 556 471 etiam
599 410 745 487 apud
787 410 1055 469 barbaros
1097 410 1324 471 summa
1351 408 1627 486 religione
1663 407 1859 467 omnia
1885 407 2200 468 simulacra

385 500 619 582 arasque
643 561 647 565 ⁴
672 505 1043 565 conservavit.
1177 505 1379 581 Itaque
1431 504 1800 582 praedicabat,
1853 505 2062 562 mirari
2116 523 2197 577 se,

384 622 494 660 non
521 602 922 677 sacrilegorum
962 620 1183 659 numero
1223 601 1440 674 haberi,
1469 601 1568 676 qui
1586 616 1589 619 ·
1607 600 1957 677 supplicibus
2006 619 2196 658 eorum

384 688 737 761 nocuissent3
778 706 880 755 aut
915 717 1025 755 non
1051 696 1422 772 gravioribus
1439 696 1629 773 poenis
1672 694 1841 772 affici,
1871 695 1970 771 qui
1998 695 2195 771 religi·

309 796 349 852 5
389 813 541 851 onem
568 793 895 866 minuerent,
924 790 1092 869 quam
1119 790 1396 868 quifana
1421 791 1746 868 spoliarent.

464 889 536 946 V.
619 888 754 946 Post
801 889 911 947 hoc
964 887 1248 964 proelium,
1291 888 1579 945 collatum*
1619 897 1707 944 est
1765 905 1935 944 omne
1975 886 2191 944 bellum

387 984 544 1043 circa
589 984 949 1056 Corinthum,
991 982 1231 1057 ideoque
1277 981 1634 1040 Corinthium
1686 991 1774 1038 est
1827 981 2190 1058 appellatum.

390 1072 508 1136 Hic
545 1097 719 1154 quum
760 1078 876 1135 una
915 1077 1111 1154 pugna
1152 1078 1356 1134 decem
1396 1076 1577 1135 millia
1616 1075 1887 1149 hostium,
1917 1075 2192 1152 Agesilao

388 1175 558 1246 duce,
585 1172 948 1246 cecidissent,
975 1191 1156 1248 eoque
1185 1173 1340 1231 facto
1365 1191 1503 1248 opes
1531 1172 1984 1231 adversariorum
2014 1171 2192 1229 debil-

278 1270 351 1326 10
391 1270 543 1328 itatae
589 1269 948 1337 viderentur3
991 1265 1216 1326 tantum
1266 1266 1447 1324 abfuit
1495 1267 1569 1323 ab
1616 1266 1922 1326 insolentia
1972 1266 2191 1344 gloriae,

293 1433 301 1440 ¹
390 1377 452 1422 ut
490 1362 918 1441 commiseratus
957 1362 1342 1421 sitfortunam
1369 1361 1650 1431 Graeciae3
1695 1360 1849 1438 quod
1870 1371 2001 1419 ‘tam
2026 1362 2195 1419 multi

389 1477 427 1514 a
453 1476 507 1514 se
534 1457 675 1514 victi
700 1457 841 1515 vitio
869 1458 1323 1515 adversariorum
1350 1455 1725 1514 concidissent
1746 1477 1767 1512 .·
1807 1476 2042 1534 namque
2087 1456 2191 1515 illa

389 1553 763 1626 multitudine,
792 1554 844 1610 si
871 1573 1016 1611 sana
1040 1573 1186 1611 mens
1216 1562 1375 1625 esset,
1403 1551 1647 1609 G'raecioe
1689 1553 2025 1629 supplicium
2045 1552 2193 1611 Per-

388 1667 483 1706 sas
511 1648 647 1706 dare
667 1649 938 1726 potuisse.
1021 1647 1185 1705 Idem
1212 1667 1390 1724 quum
1419 1646 1771 1705 adversarios
1799 1647 1948 1704 intra
1977 1649 2195 1706 moenia

278 1744 351 1801 15
392 1743 774 1820 compulisset,
816 1755 873 1802 et
912 1754 975 1802 ut
1014 1743 1358 1801 Corinthum
1399 1757 1755 1819 oppugnaret
1794 1744 1956 1801 multi
2003 1744 2193 1802 horta·

391 1852 621 1908 rentur;
664 1839 894 1916 negavit
920 1839 986 1896 id
1021 1858 1136 1896 suae
1175 1839 1384 1895 virtuti
1424 1839 1753 1896 convenire.-
1795 1858 1851 1896 se
1890 1839 2033 1895 enim
2072 1858 2194 1897 eum

390 1957 505 1997 csse
532 1936 694 2008 dixit,
725 1937 823 2013 qui
865 1936 945 1994 ad
980 1935 1216 2013 officium
1245 1943 1549 2013 peccantes
1589 1933 1773 1991 redire
1815 1942 2057 2009 cogeret,
2083 1954 2194 1993 non

391 2033 492 2108 qui
542 2032 702 2091 urbes
755 2032 1129 2089 nobilissimas
1178 2038 1527 2108 expugnaret
1574 2028 1833 2086 G'raecioe.
1917 2029 2075 2087 Nam
2121 2031 2192 2103 si,

393 2127 593 2201 inquit,
622 2147 709 2184 eos
738 2128 1059 2200 extinguere
1085 2126 1439 2198 voluerimus,
1469 2125 1569 2201 qui
1600 2124 1881 2182 nobiscum
1918 2123 2193 2183 adversus

273 2223 352 2280 20
392 2222 660 2279 barbaros
698 2229 988 2294 steterunt,
1017 2222 1343 2297 nosmetipsi
1381 2239 1481 2278 nos
1522 2220 2044 2297 expugnaverimus,
2074 2222 2193 2279 illis

391 2315 794 2393 quiescentibus
812 2336 833 2370 .·
874 2336 981 2394 quo
1003 2315 1201 2393 facto,
1239 2317 1359 2375 sine
1398 2317 1642 2391 negotio,
1663 2383 1665 2389 Α
1685 2335 1850 2392 quum
1887 2317 2192 2389 voluerint,

392 2431 490 2470 nos
518 2411 847 2488 oppriment.

466 2492 570 2566 VI.
654 2506 893 2566 Interim
927 2508 1139 2567 accidit
1164 2509 1263 2567 illa
1289 2508 1584 2566 calamitas
1627 2508 1778 2583 apud
1806 2507 2058 2566 Leuctra
2083 2509 2190 2566 La-

393 2602 774 2662 cedaemoniis.
857 2601 997 2665 Quo
1025 2623 1099 2661 ne
1125 2604 1599 2680 proficisceretur,
1629 2622 1804 2679 quum
1833 2622 1867 2661 a
1904 2603 2192 2680 plerisque

274 2697 353 2757 25
393 2699 467 2756 ad
497 2698 825 2755 exeundum
859 2705 1229 2773 premeretur,
1258 2710 1320 2757 ut
1348 2697 1395 2756 si
1424 2700 1495 2757 de
1522 2698 1679 2757 exitu
1708 2698 2007 2773 divinaret,
2036 2699 2192 2758 exire

393 2792 590 2854 noluit.
673 2791 858 2865 Idem,
876 2811 1051 2869 quum
1079 2793 1507 2869 Epaminondas
1525 2795 1788 2871 Spartam
1811 2807 2188 2872 oppugnaret,

390 2902 652 2966 essetque
705 2887 829 2947 sine
883 2888 1062 2947 muris
1112 2888 1402 2966 oppidum,
1451 2891 1624 2969 talem
1676 2910 1737 2948 se
1790 2890 2189 2968 imperatorem

391 2986 651 3062 praebuit,
700 2996 765 3043 ut
816 3003 885 3043 eo
931 2996 1183 3061 tempore
1223 2985 1489 3046 omnibus
1543 2986 1884 3063 apparuerit,
1926 2986 2039 3045 nisi
2091 2985 2187 3045 ille

397 3079 615 3153 fuisset,
658 3081 921 3158 Spartam
963 3081 1210 3138 futuram
1251 3100 1367 3138 non
1408 3080 1598 3138 fuisse.
1693 3080 1764 3139 In
1805 3100 1917 3164 quo
1958 3082 2189 3157 quidem

284 3176 363 3235 30
402 3174 731 3233 discrimine
772 3174 1034 3234 celeritas
1074 3174 1197 3250 ejus
1258 3173 1483 3232 consilii
1538 3175 1707 3234 saluti
1746 3177 1853 3237 fuit
1892 3176 2189 3236 universis.

397 3269 550 3328 Nam
591 3288 766 3346 quum
792 3271 1024 3346 quidam
1052 3268 1480 3342 adolescentuli,
1508 3271 1756 3328 hostium
1783 3273 2032 3348 adventu
2070 3273 2194 3350 pei·-

365 3373 369 3377 “
397 3365 596 3439 territi,
627 3366 699 3423 ad
726 3365 1041 3425 Thebanos
1066 3366 1421 3441 transfugere
1448 3366 1677 3439 vellent,
1704 3377 1763 3424 et
1801 3367 1992 3425 locum
2031 3381 2195 3428 extra

398 3463 597 3521 urbem
614 3460 832 3520 editum
854 3462 1159 3538 cepissent,
1183 3460 1511 3539 Agesilaiis,
1530 3460 1628 3537 qui
1647 3461 2193 3536 perniciosissimum
