2492 4207
991 217 1335 267 EUMENES.
2098 215 2177 274 87

1640 294 1664 320 Ι

279 373 383 430 sed
397 371 459 432 εὸ
490 392 599 430 non
625 373 860 448 accidit,
888 374 1043 452 quod
1063 396 1347 453 nunquam
1372 396 1492 436 cum
1500 378 1753 455 fortiore
1778 400 1896 439 sum
1938 402 2061 440 ccm-

271 486 517 542 gressus.
600 468 736 526 Non
763 470 903 526 enim
931 491 1050 528 cum
1077 492 1353 548 quoquam
1400 493 1560 531 arma
1586 477 1813 549 contuli,
1845 479 1981 553 quin
2008 480 2060 537 is

276 563 412 620 milti
438 564 806 621 succubuerit.
887 565 1023 623 Non
1049 569 1191 623 enim
1217 568 1428 626 virtute
1454 570 1708 644 hostium,
1736 572 1835 629 sed
1862 572 2063 645 amic&

275 658 662 736 rumperfidid
690 660 887 718 decidi.
969 646 1173 737 Neque
1202 663 1259 719 id
1289 664 1508 721 salsum.
1589 663 1741 723 Nam
1781 668 1840 725 et
1877 668 2061 745 digni-

274 766 391 814 tate
421 755 528 813 fuit
548 756 784 815 honesta
809 769 867 814 et
895 756 1107 815 viribus
1137 759 1207 815 ad
1234 759 1486 816 laborem
1527 760 1825 835 ferendum
1862 763 2058 838 firmis,
2097 765 2138 823 5

275 868 462 925 neque
488 862 604 908 tam
630 870 836 928 magno
861 872 1115 930 corpore,
1138 853 1305 930 quam
1333 855 1515 932 figura
1544 857 1799 915 venusta.

356 945 499 1003 XII.
580 945 667 1004 De
696 948 805 1004 hoc
828 948 1174 1025 Antigonus,
1202 952 1556 1029 quumsolus
1583 952 1926 1010 constituere
1947 973 2061 1013 non

276 1042 527 1115 auderet,
554 1043 627 1100 ‘ad
656 1044 956 1102 consilium
989 1030 1195 1104 retulit.
1279 1045 1395 1104 Hic
1432 1066 1605 1122 quum
1651 1030 1918 1123 plerique*
1947 1067 2064 1106 om-

274 1156 377 1196 nes
401 1136 584 1214 primo
609 1140 920 1216 perturbati
950 1141 1379 1215 admirarentur,
1403 1162 1517 1200 non
1541 1143 1659 1218 jam
1687 1144 1759 1200 de
1781 1162 1851 1201 eo
1878 1161 2064 1219 sump-
2137 1150 2142 1155 '

273 1246 394 1291 tum
421 1253 546 1292 esse
569 1235 929 1312 supplicium,
959 1255 992 1293 a
1017 1256 1127 1311 quo
1156 1244 1236 1295 tot
1266 1252 1444 1295 annos
1487 1236 1633 1295 adeo
1678 1250 1872 1297 essent
1913 1236 2063 1295 male
2107 1240 2178 1297 10
2207 1243 2214 1250 '

274 1329 473 1403 habiti,
502 1343 564 1388 ut
584 1329 737 1407 saepe
754 1331 841 1387 ad
874 1331 1324 1408 desperationem
1363 1334 1546 1391 forent
1584 1333 1834 1406 adducti,
1857 1333 2110 1409 quique

273 1425 550 1484 maximos
577 1426 756 1484 duces
776 1425 1183 1498 interfecisset3
1226 1428 1472 1504 denique
1512 1429 1573 1486 in
1599 1449 1712 1505 quo
1758 1449 1874 1488 uno
1915 1422 2067 1491 esse't

272 1518 512 1594 tantum,
542 1532 623 1594 ut,
651 1522 833 1601 quoad
864 1522 957 1580 ille
984 1524 1215 1597 viveret,
1246 1524 1354 1600 ipsi
1388 1525 1576 1582 securi
1615 1543 1741 1582 esse
1780 1544 1896 1583 non
1938 1545 2065 1601 pos-

273 1627 431 1685 sent3
474 1616 791 1690 interfecto,
820 1618 963 1676 nihil
991 1619 1241 1677 habituri
1262 1619 1689 1693 negotiiessent
1713 1640 1725 1688 ;
1754 1621 2061 1694 postremo,

272 1712 319 1768 si
345 1712 426 1769 illi
452 1714 714 1772 redderet
753 1715 1015 1786 salutem,
1057 1713 1386 1788 quaerebant
1423 1706 1630 1788 quibus
1672 1713 1874 1771 amicis
1912 1725 2063 1772 esset
2107 1716 2178 1772 15

270 1810 513 1864 usurus?
558 1827 681 1865 sese
709 1809 863 1865 enim
891 1826 1024 1864 cum
1051 1807 1314 1867 Eumene
1344 1807 1493 1885 apud
1520 1827 1652 1866 eum
1680 1829 1793 1867 non
1822 1810 2057 1868 futuros.

270 1901 410 1973 Hic,
440 1900 671 1975 cognita
711 1900 937 1957 consilii
977 1902 1285 1973 voluntate,
1326 1915 1518 1960 tamen
1558 1890 1737 1978 usque
1779 1905 1850 1959 ad
1898 1905 2065 1980 septi-

269 2014 426 2053 mum
480 1994 630 2051 diem
685 1994 1037 2068 deliberandi
1090 1995 1199 2053 sibi
1252 1997 1496 2072 spatium
1563 1997 1805 2072 reliquit.
1907 1997 2065 2055 Tum

272 2103 480 2164 autem,
508 2109 681 2166 quum
704 2089 827 2166 jam
855 2101 1161 2164 vereretur,
1190 2111 1379 2168 nequa
1404 2091 1608 2151 seditio
1647 2090 1931 2151 exercitiis
1957 2092 2066 2152 ori-

202 2229 211 2238 κ
269 2199 441 2262 retur,
469 2186 666 2259 vetuit,
691 2186 761 2243 ad
783 2205 914 2244 eum
953 2185 1275 2263 quenquam
1305 2188 1545 2261 admitti,
1574 2199 1631 2246 et
1670 2187 2063 2264 quotidianum
2100 2189 2179 2247 2⁰

268 2280 479 2341 victum
507 2282 755 2340 amoveri
777 2282 962 2357 jussit.
1045 2281 1198 2340 Nam
1229 2283 1498 2358 negabat,
1527 2301 1588 2341 se
1623 2282 1679 2340 ei
1717 2282 1830 2339 vim
1871 2282 2065 2342 allatu·

267 2398 412 2452 rum,
466 2378 564 2453 qui
618 2377 924 2453 aliquando
977 2377 1177 2435 fuisset
1230 2378 1466 2435 amicus.
1548 2377 1666 2434 Hic
1714 2387 1906 2435 tamen
1946 2389 2062 2435 non

267 2473 509 2550 amplius
534 2472 705 2548 quam
727 2472 976 2531 triduum
998 2473 1145 2530 fame
1173 2473 1462 2548 fatigatus,
1483 2491 1656 2547 quum
1678 2482 1865 2528 castra
1884 2489 2067 2530 move·

265 2582 483 2642 rentur,
529 2569 810 2627 insciente
852 2569 1147 2643 Antigono
1181 2553 1496 2644 jugu‘latus*
1515 2579 1603 2625 est
1642 2585 1676 2623 a
1715 2565 2062 2623 custodibus.

346 2662 522 2721 XIII.
606 2665 705 2721 Sic
759 2664 1051 2721 Eumenes
1106 2681 1388 2720 annorum
1436 2662 1685 2737 quinque
1732 2672 1791 2718 et
1830 2661 2065 2736 quadra·
2101 2660 2181 2718 25

270 2760 450 2838 ginta,
491 2748 682 2835 quum
707 2753 778 2817 ab
821 2779 971 2817 anno
1012 2758 1303 2830 vicesimo,
1349 2756 1431 2815 uti
1474 2755 1644 2833 supra
1687 2755 2059 2827 ostendimus,

267 2865 484 2932 septem
540 2875 717 2914 annos
770 2853 1032 2931 Philippo
1087 2854 1484 2930 apparuissets
1506 2865 1564 2911 et
1602 2852 1882 2911 tredecim
1916 2851 2065 2926 apud

269 2949 660 3008 Alexandrum
712 2951 960 3008 eundem
1012 2950 1202 3008 locum
1256 2950 1615 3022 obtinuisset,
1646 2949 1706 3006 in
1744 2948 1834 3005 his
1887 2964 2063 3005 unum

267 3046 519 3121 equitum
563 3045 665 3102 alae
710 3046 1048 3121 praefuisset,
1097 3058 1235 3122 post
1268 3057 1457 3103 autem
1508 3043 1823 3103 Alefiandri
1871 3042 2064 3119 magni

269 3153 505 3199 mortem
532 3140 835 3216 imperator
861 3141 1146 3222 exercitus
1174 3133 1446 3214 duxisset,
1481 3157 1842 3215 summosque
1885 3141 2063 3197 duces
2100 3140 2178 3196 30

268 3236 471 3312 partim
508 3236 829 3313 repulisset,
855 3237 1060 3312 partim
1086 3237 1483 3309 interfecisset,
1516 3239 1716 3312 captus
1752 3254 1868 3292 non
1895 3234 2064 3293 Anti-

269 3330 404 3405 goni
450 3331 675 3404 virtute,
721 3332 822 3389 sed
876 3330 1264 3389 Macedonum
1315 3331 1584 3407 perjurio,
1638 3331 1810 3388 talem
1864 3321 2061 3387 habuit

271 3426 481 3490 exitum
533 3426 676 3484 vitae.
781 3424 851 3483 In
905 3445 1016 3501 quo
1066 3438 1279 3501 quanta
1332 3427 1499 3484 suerit
1552 3425 1807 3483 omnium
1860 3424 2055 3500 opinio
