<?xml version="1.0" encoding="UTF-8"?>
<!DOCTYPE html PUBLIC "-//W3C//DTD XHTML 1.0 Transitional//EN"
    "http://www.w3.org/TR/xhtml1/DTD/xhtml1-transitional.dtd">
<html xmlns="http://www.w3.org/1999/xhtml" xml:lang="en" lang="en">
 <head>
  <title>
</title>
<meta http-equiv="Content-Type" content="text/html;charset=utf-8" />
  <meta name='ocr-system' content='tesseract 3.04.00' />
  <meta name='ocr-capabilities' content='ocr_page ocr_carea ocr_par ocr_line ocrx_word'/>
</head>
<body>
  <div class='ocr_page' id='page_1' title='image "./devitaexcellent00haywgoog_0066.png"; bbox 0 0 2492 4207; ppageno 0'>
   <div class='ocr_carea' id='block_1_1' title="bbox 315 261 1487 320">
    <p class='ocr_par' dir='ltr' id='par_1_1' title="bbox 315 261 1487 320">
     <span class='ocr_line' id='line_1_1' title="bbox 315 261 1487 320; baseline -0.005 0"><span class='ocrx_word' id='word_1_1' title='bbox 315 261 397 320; x_wconf 81' lang='grc'><strong>56</strong></span> <span class='ocrx_word' id='word_1_2' title='bbox 487 300 492 305; x_wconf 90' lang='lat'><strong>·</strong></span> <span class='ocrx_word' id='word_1_3' title='bbox 812 277 816 281; x_wconf 82' lang='grc'><em>“</em></span> <span class='ocrx_word' id='word_1_4' title='bbox 1135 265 1487 317; x_wconf 85' lang='lat' dir='ltr'>DATAMES.</span> 
     </span>
    </p>
   </div>
   <div class='ocr_carea' id='block_1_2' title="bbox 295 427 2204 3455">
    <p class='ocr_par' dir='ltr' id='par_1_2' title="bbox 295 427 2204 3455">
     <span class='ocr_line' id='line_1_2' title="bbox 429 427 2198 504; baseline -0.001 -17"><span class='ocrx_word' id='word_1_5' title='bbox 429 429 601 488; x_wconf 88' lang='lat' dir='ltr'><strong>etiam</strong></span> <span class='ocrx_word' id='word_1_6' title='bbox 629 440 841 503; x_wconf 89' lang='lat' dir='ltr'><strong>torque,</strong></span> <span class='ocrx_word' id='word_1_7' title='bbox 870 440 927 486; x_wconf 84' lang='lat' dir='ltr'><strong>et</strong></span> <span class='ocrx_word' id='word_1_8' title='bbox 954 427 1185 486; x_wconf 83' lang='lat' dir='ltr'><strong>armillis</strong></span> <span class='ocrx_word' id='word_1_9' title='bbox 1213 430 1419 501; x_wconf 79' lang='lat' dir='ltr'><strong>aureiS‚</strong></span> <span class='ocrx_word' id='word_1_10' title='bbox 1462 439 1776 504; x_wconf 85' lang='lat' dir='ltr'><strong>caeteroque</strong></span> <span class='ocrx_word' id='word_1_11' title='bbox 1823 427 1979 504; x_wconf 88' lang='lat' dir='ltr'><strong>regio</strong></span> <span class='ocrx_word' id='word_1_12' title='bbox 2006 430 2198 500; x_wconf 85' lang='lat' dir='ltr'><strong>cultu3</strong></span> 
     </span>
     <span class='ocr_line' id='line_1_3' title="bbox 431 514 2204 602; baseline 0 -20"><span class='ocrx_word' id='word_1_13' title='bbox 431 528 548 601; x_wconf 89' lang='lat' dir='ltr'><strong>ipse</strong></span> <span class='ocrx_word' id='word_1_14' title='bbox 576 525 781 601; x_wconf 84' lang='lat' dir='ltr'>agresti</span> <span class='ocrx_word' id='word_1_15' title='bbox 811 514 1023 599; x_wconf 82' lang='lat' dir='ltr'><strong>duplici</strong></span> <span class='ocrx_word' id='word_1_16' title='bbox 1052 525 1295 582; x_wconf 86' lang='lat' dir='ltr'><strong>amiculo</strong></span> <span class='ocrx_word' id='word_1_17' title='bbox 1323 524 1724 601; x_wconf 77' lang='lat' dir='ltr'><strong>circumdatuS,</strong></span> <span class='ocrx_word' id='word_1_18' title='bbox 1774 523 2031 602; x_wconf 66' lang='lat' dir='ltr'><strong>hirtaque</strong></span> <span class='ocrx_word' id='word_1_19' title='bbox 2057 526 2204 582; x_wconf 90' lang='lat' dir='ltr'><strong>tuni-</strong></span> 
     </span>
     <span class='ocr_line' id='line_1_4' title="bbox 429 618 2203 696; baseline 0 -19"><span class='ocrx_word' id='word_1_20' title='bbox 429 621 519 693; x_wconf 75' lang='lat' dir='ltr'><strong>ca,</strong></span> <span class='ocrx_word' id='word_1_21' title='bbox 546 639 751 696; x_wconf 88' lang='lat' dir='ltr'><strong>gerens</strong></span> <span class='ocrx_word' id='word_1_22' title='bbox 789 619 847 675; x_wconf 92' lang='lat' dir='ltr'><strong>in</strong></span> <span class='ocrx_word' id='word_1_23' title='bbox 891 618 1075 695; x_wconf 74' lang='lat' dir='ltr'><strong>capite</strong></span> <span class='ocrx_word' id='word_1_24' title='bbox 1117 621 1338 695; x_wconf 86' lang='lat' dir='ltr'><strong>galeam</strong></span> <span class='ocrx_word' id='word_1_25' title='bbox 1386 619 1749 692; x_wconf 85' lang='lat' dir='ltr'><strong>venatoriam,</strong></span> <span class='ocrx_word' id='word_1_26' title='bbox 1792 619 1990 677; x_wconf 69' lang='lat' dir='ltr'><strong>dextra</strong></span> <span class='ocrx_word' id='word_1_27' title='bbox 2030 638 2203 678; x_wconf 86' lang='lat' dir='ltr'><strong>manu</strong></span> 
     </span>
     <span class='ocr_line' id='line_1_5' title="bbox 428 696 2201 790; baseline -0.001 -17"><span class='ocrx_word' id='word_1_28' title='bbox 428 717 664 788; x_wconf 88' lang='lat' dir='ltr'><strong>clavam,</strong></span> <span class='ocrx_word' id='word_1_29' title='bbox 688 715 915 771; x_wconf 75' lang='lat' dir='ltr'><strong>sinistra</strong></span> <span class='ocrx_word' id='word_1_30' title='bbox 943 706 1221 790; x_wconf 86' lang='lat' dir='ltr'><strong>copulam,</strong></span> <span class='ocrx_word' id='word_1_31' title='bbox 1251 715 1362 790; x_wconf 72' lang='lat' dir='ltr'><strong>qua</strong></span> <span class='ocrx_word' id='word_1_32' title='bbox 1395 696 1644 773; x_wconf 81' lang='lat' dir='ltr'><strong>vinctum</strong></span> <span class='ocrx_word' id='word_1_33' title='bbox 1691 726 1819 772; x_wconf 90' lang='lat' dir='ltr'><strong>ante</strong></span> <span class='ocrx_word' id='word_1_34' title='bbox 1867 734 1928 772; x_wconf 91' lang='lat' dir='ltr'><strong>se</strong></span> <span class='ocrx_word' id='word_1_35' title='bbox 1970 713 2201 790; x_wconf 85' lang='lat' dir='ltr'><strong>Thyum</strong></span> 
     </span>
     <span class='ocr_line' id='line_1_6' title="bbox 349 808 2199 886; baseline 0.001 -19"><span class='ocrx_word' id='word_1_36' title='bbox 349 813 388 867; x_wconf 88' lang='lat'>5</span> <span class='ocrx_word' id='word_1_37' title='bbox 429 811 649 886; x_wconf 90' lang='lat' dir='ltr'><strong>agebat,</strong></span> <span class='ocrx_word' id='word_1_38' title='bbox 695 821 757 868; x_wconf 90' lang='lat' dir='ltr'><strong>ut</strong></span> <span class='ocrx_word' id='word_1_39' title='bbox 798 810 845 866; x_wconf 88' lang='lat' dir='ltr'><strong>si</strong></span> <span class='ocrx_word' id='word_1_40' title='bbox 894 810 1067 867; x_wconf 87' lang='lat' dir='ltr'><strong>feram</strong></span> <span class='ocrx_word' id='word_1_41' title='bbox 1121 809 1360 867; x_wconf 88' lang='lat' dir='ltr'><strong>bestiam</strong></span> <span class='ocrx_word' id='word_1_42' title='bbox 1407 821 1635 885; x_wconf 51' lang='lat' dir='ltr'><strong>captam¹</strong></span> <span class='ocrx_word' id='word_1_43' title='bbox 1676 808 1925 867; x_wconf 90' lang='lat' dir='ltr'><strong>duceret.</strong></span> <span class='ocrx_word' id='word_1_44' title='bbox 2006 809 2199 872; x_wconf 79' lang='lat' dir='ltr'><strong>Quem</strong></span> 
     </span>
     <span class='ocr_line' id='line_1_7' title="bbox 427 900 2201 985; baseline 0.001 -23"><span class='ocrx_word' id='word_1_45' title='bbox 427 925 599 981; x_wconf 89' lang='lat' dir='ltr'><strong>quum</strong></span> <span class='ocrx_word' id='word_1_46' title='bbox 657 925 854 964; x_wconf 86' lang='lat' dir='ltr'><strong>omnes</strong></span> <span class='ocrx_word' id='word_1_47' title='bbox 907 904 1293 985; x_wconf 83' lang='lat' dir='ltr'><strong>prospicerent</strong></span> <span class='ocrx_word' id='word_1_48' title='bbox 1342 900 1565 981; x_wconf 85' lang='lat' dir='ltr'><strong>propter</strong></span> <span class='ocrx_word' id='word_1_49' title='bbox 1615 904 1919 963; x_wconf 89' lang='lat' dir='ltr'><strong>novitatem</strong></span> <span class='ocrx_word' id='word_1_50' title='bbox 1970 906 2201 965; x_wconf 76' lang='lat' dir='ltr'><strong>ornatus</strong></span> 
     </span>
     <span class='ocr_line' id='line_1_8' title="bbox 426 999 2199 1078; baseline 0.001 -21"><span class='ocrx_word' id='word_1_51' title='bbox 426 1000 785 1078; x_wconf 86' lang='lat' dir='ltr'><strong>ignotamque</strong></span> <span class='ocrx_word' id='word_1_52' title='bbox 814 999 1067 1071; x_wconf 87' lang='lat' dir='ltr'><strong>sormam,</strong></span> <span class='ocrx_word' id='word_1_53' title='bbox 1093 999 1167 1057; x_wconf 91' lang='lat' dir='ltr'><strong>ob</strong></span> <span class='ocrx_word' id='word_1_54' title='bbox 1193 1018 1430 1075; x_wconf 90' lang='lat' dir='ltr'><strong>eamque</strong></span> <span class='ocrx_word' id='word_1_55' title='bbox 1458 1019 1576 1058; x_wconf 88' lang='lat' dir='ltr'><strong>rem</strong></span> <span class='ocrx_word' id='word_1_56' title='bbox 1602 1018 1843 1076; x_wconf 89' lang='lat' dir='ltr'><strong>magnus</strong></span> <span class='ocrx_word' id='word_1_57' title='bbox 1879 1011 2028 1058; x_wconf 88' lang='lat' dir='ltr'><strong>esset</strong></span> <span class='ocrx_word' id='word_1_58' title='bbox 2065 1019 2199 1059; x_wconf 91' lang='lat' dir='ltr'><strong>con-</strong></span> 
     </span>
     <span class='ocr_line' id='line_1_9' title="bbox 425 1090 2193 1172; baseline 0 -19"><span class='ocrx_word' id='word_1_59' title='bbox 425 1113 623 1154; x_wconf 90' lang='lat' dir='ltr'><strong>cursus</strong></span> <span class='ocrx_word' id='word_1_60' title='bbox 646 1117 660 1165; x_wconf 85' lang='lat'><em>3</em></span> <span class='ocrx_word' id='word_1_61' title='bbox 703 1095 806 1152; x_wconf 87' lang='lat' dir='ltr'><strong>suit</strong></span> <span class='ocrx_word' id='word_1_62' title='bbox 833 1114 947 1155; x_wconf 92' lang='lat' dir='ltr'><strong>non</strong></span> <span class='ocrx_word' id='word_1_63' title='bbox 975 1114 1164 1168; x_wconf 90' lang='lat' dir='ltr'><strong>nemo,</strong></span> <span class='ocrx_word' id='word_1_64' title='bbox 1188 1095 1285 1170; x_wconf 89' lang='lat' dir='ltr'><strong>qui</strong></span> <span class='ocrx_word' id='word_1_65' title='bbox 1314 1090 1645 1172; x_wconf 89' lang='lat' dir='ltr'><strong>agnosceret</strong></span> <span class='ocrx_word' id='word_1_66' title='bbox 1662 1095 1912 1170; x_wconf 83' lang='lat' dir='ltr'><strong>Thyum,</strong></span> <span class='ocrx_word' id='word_1_67' title='bbox 1936 1094 2193 1171; x_wconf 89' lang='lat' dir='ltr'><strong>Regique</strong></span> 
     </span>
     <span class='ocr_line' id='line_1_10' title="bbox 425 1188 2194 1266; baseline -0.001 -16"><span class='ocrx_word' id='word_1_68' title='bbox 425 1193 726 1256; x_wconf 75' lang='lat' dir='ltr'><strong>nuntiaret.</strong></span> <span class='ocrx_word' id='word_1_69' title='bbox 794 1188 984 1247; x_wconf 78' lang='lat' dir='ltr'><strong>Primo</strong></span> <span class='ocrx_word' id='word_1_70' title='bbox 1009 1210 1123 1249; x_wconf 90' lang='lat' dir='ltr'><strong>non</strong></span> <span class='ocrx_word' id='word_1_71' title='bbox 1143 1192 1471 1249; x_wconf 83' lang='lat' dir='ltr'><strong>accredidit.</strong></span> <span class='ocrx_word' id='word_1_72' title='bbox 1539 1190 1740 1266; x_wconf 85' lang='lat' dir='ltr'><strong>Itaque</strong></span> <span class='ocrx_word' id='word_1_73' title='bbox 1764 1190 2194 1248; x_wconf 85' lang='lat' dir='ltr'><strong>Pharnabazum</strong></span> 
     </span>
     <span class='ocr_line' id='line_1_11' title="bbox 314 1271 2197 1363; baseline 0 -19"><span class='ocrx_word' id='word_1_74' title='bbox 314 1289 386 1346; x_wconf 89' lang='grc'><strong>10</strong></span> <span class='ocrx_word' id='word_1_75' title='bbox 424 1288 577 1344; x_wconf 87' lang='lat' dir='ltr'><strong>misit</strong></span> <span class='ocrx_word' id='word_1_76' title='bbox 628 1287 993 1360; x_wconf 89' lang='lat' dir='ltr'><strong>exploratum.</strong></span> <span class='ocrx_word' id='word_1_77' title='bbox 1093 1287 1147 1343; x_wconf 89' lang='lat' dir='ltr'>A</span> <span class='ocrx_word' id='word_1_78' title='bbox 1201 1271 1312 1361; x_wconf 91' lang='lat' dir='ltr'><strong>quo</strong></span> <span class='ocrx_word' id='word_1_79' title='bbox 1364 1298 1427 1344; x_wconf 92' lang='lat' dir='ltr'><strong>ut</strong></span> <span class='ocrx_word' id='word_1_80' title='bbox 1477 1306 1596 1343; x_wconf 88' lang='lat' dir='ltr'><strong>rem</strong></span> <span class='ocrx_word' id='word_1_81' title='bbox 1643 1298 1860 1363; x_wconf 90' lang='lat' dir='ltr'><strong>gestam</strong></span> <span class='ocrx_word' id='word_1_82' title='bbox 1905 1286 2197 1361; x_wconf 86' lang='lat' dir='ltr'><strong>comperit,</strong></span> 
     </span>
     <span class='ocr_line' id='line_1_12' title="bbox 422 1380 2197 1458; baseline -0.001 -18"><span class='ocrx_word' id='word_1_83' title='bbox 422 1383 609 1441; x_wconf 87' lang='lat' dir='ltr'><strong>statim</strong></span> <span class='ocrx_word' id='word_1_84' title='bbox 638 1380 858 1439; x_wconf 87' lang='lat' dir='ltr'><strong>admitti</strong></span> <span class='ocrx_word' id='word_1_85' title='bbox 892 1381 1079 1456; x_wconf 88' lang='lat' dir='ltr'><strong>jussit,</strong></span> <span class='ocrx_word' id='word_1_86' title='bbox 1107 1393 1451 1458; x_wconf 79' lang='lat' dir='ltr'><strong>‘magnopere</strong></span> <span class='ocrx_word' id='word_1_87' title='bbox 1479 1381 1794 1439; x_wconf 89' lang='lat' dir='ltr'><strong>delectatus</strong></span> <span class='ocrx_word' id='word_1_88' title='bbox 1829 1399 2000 1456; x_wconf 89' lang='lat' dir='ltr'><strong>quum</strong></span> <span class='ocrx_word' id='word_1_89' title='bbox 2029 1381 2197 1453; x_wconf 87' lang='lat' dir='ltr'><strong>sacto,</strong></span> 
     </span>
     <span class='ocr_line' id='line_1_13' title="bbox 420 1473 2199 1557; baseline -0.002 -22"><span class='ocrx_word' id='word_1_90' title='bbox 420 1490 539 1535; x_wconf 88' lang='lat' dir='ltr'><strong>tum</strong></span> <span class='ocrx_word' id='word_1_91' title='bbox 567 1488 805 1546; x_wconf 85' lang='lat' dir='ltr'><strong>ornatu3</strong></span> <span class='ocrx_word' id='word_1_92' title='bbox 848 1476 1136 1557; x_wconf 7' lang='lat' dir='ltr'><strong>imprimis?</strong></span> <span class='ocrx_word' id='word_1_93' title='bbox 1164 1474 1317 1551; x_wconf 80' lang='lat' dir='ltr'><strong>quod</strong></span> <span class='ocrx_word' id='word_1_94' title='bbox 1365 1475 1569 1533; x_wconf 90' lang='lat' dir='ltr'><strong>nobilis</strong></span> <span class='ocrx_word' id='word_1_95' title='bbox 1617 1495 1716 1533; x_wconf 85' lang='lat' dir='ltr'><strong>rex</strong></span> <span class='ocrx_word' id='word_1_96' title='bbox 1765 1476 1824 1532; x_wconf 93' lang='lat' dir='ltr'><strong>in</strong></span> <span class='ocrx_word' id='word_1_97' title='bbox 1865 1473 2199 1552; x_wconf 81' lang='lat' dir='ltr'><strong>potestatem</strong></span> 
     </span>
     <span class='ocr_line' id='line_1_14' title="bbox 423 1567 2198 1649; baseline -0.001 -19"><span class='ocrx_word' id='word_1_98' title='bbox 423 1572 740 1649; x_wconf 87' lang='lat' dir='ltr'><strong>inopinanti</strong></span> <span class='ocrx_word' id='word_1_99' title='bbox 765 1583 1012 1646; x_wconf 86' lang='lat' dir='ltr'><strong>venerat.</strong></span> <span class='ocrx_word' id='word_1_100' title='bbox 1095 1571 1296 1647; x_wconf 91' lang='lat' dir='ltr'><strong>Itaque</strong></span> <span class='ocrx_word' id='word_1_101' title='bbox 1338 1567 1640 1646; x_wconf 72' lang='lat' dir='ltr'><strong>magnifice</strong></span> <span class='ocrx_word' id='word_1_102' title='bbox 1685 1568 1985 1628; x_wconf 88' lang='lat' dir='ltr'><strong>Datamem</strong></span> <span class='ocrx_word' id='word_1_103' title='bbox 2028 1570 2198 1628; x_wconf 85' lang='lat' dir='ltr'><strong>dona-</strong></span> 
     </span>
     <span class='ocr_line' id='line_1_15' title="bbox 419 1664 2195 1742; baseline -0.003 -17"><span class='ocrx_word' id='word_1_104' title='bbox 419 1682 537 1726; x_wconf 90' lang='lat' dir='ltr'><strong>tum</strong></span> <span class='ocrx_word' id='word_1_105' title='bbox 581 1670 652 1725; x_wconf 90' lang='lat' dir='ltr'><strong>ad</strong></span> <span class='ocrx_word' id='word_1_106' title='bbox 698 1667 1009 1725; x_wconf 84' lang='lat' dir='ltr'><strong>exercitum</strong></span> <span class='ocrx_word' id='word_1_107' title='bbox 1053 1666 1224 1739; x_wconf 86' lang='lat' dir='ltr'><strong>misit,</strong></span> <span class='ocrx_word' id='word_1_108' title='bbox 1274 1666 1369 1742; x_wconf 90' lang='lat' dir='ltr'><strong>qui</strong></span> <span class='ocrx_word' id='word_1_109' title='bbox 1410 1677 1531 1723; x_wconf 92' lang='lat' dir='ltr'><strong>tum</strong></span> <span class='ocrx_word' id='word_1_110' title='bbox 1574 1664 2006 1723; x_wconf 82' lang='lat' dir='ltr'><strong>contrahebatur</strong></span> <span class='ocrx_word' id='word_1_111' title='bbox 2049 1664 2195 1721; x_wconf 88' lang='lat' dir='ltr'><strong>duce</strong></span> 
     </span>
     <span class='ocr_line' id='line_1_16' title="bbox 310 1758 2193 1836; baseline -0.005 -13"><span class='ocrx_word' id='word_1_112' title='bbox 310 1766 382 1823; x_wconf 83' lang='lat'><strong>15</strong></span> <span class='ocrx_word' id='word_1_113' title='bbox 420 1764 794 1821; x_wconf 88' lang='lat' dir='ltr'><strong>Pharnabazo</strong></span> <span class='ocrx_word' id='word_1_114' title='bbox 820 1774 877 1820; x_wconf 90' lang='lat' dir='ltr'><strong>et</strong></span> <span class='ocrx_word' id='word_1_115' title='bbox 904 1761 1235 1820; x_wconf 86' lang='lat' dir='ltr'><strong>Tithrauste</strong></span> <span class='ocrx_word' id='word_1_116' title='bbox 1266 1762 1336 1819; x_wconf 91' lang='lat' dir='ltr'><strong>ad</strong></span> <span class='ocrx_word' id='word_1_117' title='bbox 1359 1761 1569 1819; x_wconf 90' lang='lat' dir='ltr'><strong>bellum</strong></span> <span class='ocrx_word' id='word_1_118' title='bbox 1593 1759 1943 1836; x_wconf 89' lang='lat' dir='ltr'><strong>AEgyptium,</strong></span> <span class='ocrx_word' id='word_1_119' title='bbox 1964 1758 2193 1834; x_wconf 89' lang='lat' dir='ltr'><strong>parique</strong></span> 
     </span>
     <span class='ocr_line' id='line_1_17' title="bbox 418 1851 2195 1936; baseline -0.005 -19"><span class='ocrx_word' id='word_1_120' title='bbox 418 1880 568 1934; x_wconf 90' lang='lat' dir='ltr'><strong>eum,</strong></span> <span class='ocrx_word' id='word_1_121' title='bbox 599 1871 763 1936; x_wconf 85' lang='lat' dir='ltr'><strong>atque</strong></span> <span class='ocrx_word' id='word_1_122' title='bbox 792 1858 935 1931; x_wconf 87' lang='lat' dir='ltr'><strong>illos,</strong></span> <span class='ocrx_word' id='word_1_123' title='bbox 964 1857 1199 1934; x_wconf 90' lang='lat' dir='ltr'><strong>imperio</strong></span> <span class='ocrx_word' id='word_1_124' title='bbox 1224 1876 1349 1916; x_wconf 87' lang='lat' dir='ltr'><strong>esse</strong></span> <span class='ocrx_word' id='word_1_125' title='bbox 1377 1855 1558 1932; x_wconf 89' lang='lat' dir='ltr'><strong>jussit.</strong></span> <span class='ocrx_word' id='word_1_126' title='bbox 1641 1855 1846 1913; x_wconf 83' lang='lat' dir='ltr'><strong>Postea</strong></span> <span class='ocrx_word' id='word_1_127' title='bbox 1871 1852 1999 1912; x_wconf 76' lang='lat' dir='ltr'><strong>vero</strong></span> <span class='ocrx_word' id='word_1_128' title='bbox 2027 1851 2195 1928; x_wconf 71' lang='lat' dir='ltr'><strong>quam</strong></span> 
     </span>
     <span class='ocr_line' id='line_1_18' title="bbox 420 1947 2199 2025; baseline -0.006 -11"><span class='ocrx_word' id='word_1_129' title='bbox 420 1956 855 2013; x_wconf 89' lang='lat' dir='ltr'><strong>Pharnabazum</strong></span> <span class='ocrx_word' id='word_1_130' title='bbox 885 1953 1016 2010; x_wconf 85' lang='lat' dir='ltr'><strong>Rex</strong></span> <span class='ocrx_word' id='word_1_131' title='bbox 1042 1952 1346 2025; x_wconf 86' lang='lat' dir='ltr'><strong>revocavit,</strong></span> <span class='ocrx_word' id='word_1_132' title='bbox 1375 1951 1457 2009; x_wconf 91' lang='lat' dir='ltr'><strong>illi</strong></span> <span class='ocrx_word' id='word_1_133' title='bbox 1485 1948 1703 2008; x_wconf 87' lang='lat' dir='ltr'><strong>summa</strong></span> <span class='ocrx_word' id='word_1_134' title='bbox 1740 1948 1961 2025; x_wconf 87' lang='lat' dir='ltr'><strong>imperii</strong></span> <span class='ocrx_word' id='word_1_135' title='bbox 1997 1947 2199 2007; x_wconf 89' lang='lat' dir='ltr'><strong>tradita</strong></span> 
     </span>
     <span class='ocr_line' id='line_1_19' title="bbox 419 2036 1020 2107; baseline 0.002 -1"><span class='ocrx_word' id='word_1_136' title='bbox 419 2060 520 2107; x_wconf 87' lang='lat' dir='ltr'><strong>est.</strong></span> <span class='ocrx_word' id='word_1_137' title='bbox 1015 2036 1020 2042; x_wconf 41' lang='lat'><strong><em>⁴</em></strong></span> 
     </span>
     <span class='ocr_line' id='line_1_20' title="bbox 494 2132 2195 2219; baseline -0.001 -20"><span class='ocrx_word' id='word_1_138' title='bbox 494 2141 598 2199; x_wconf 91' lang='lat' dir='ltr'><strong>IV.</strong></span> <span class='ocrx_word' id='word_1_139' title='bbox 680 2142 796 2199; x_wconf 92' lang='lat' dir='ltr'><strong>Hic</strong></span> <span class='ocrx_word' id='word_1_140' title='bbox 825 2160 997 2216; x_wconf 90' lang='lat' dir='ltr'><strong>quum</strong></span> <span class='ocrx_word' id='word_1_141' title='bbox 1017 2141 1265 2200; x_wconf 85' lang='lat' dir='ltr'><strong>maximo</strong></span> <span class='ocrx_word' id='word_1_142' title='bbox 1286 2132 1475 2201; x_wconf 88' lang='lat' dir='ltr'><strong>studio</strong></span> <span class='ocrx_word' id='word_1_143' title='bbox 1491 2153 1843 2219; x_wconf 87' lang='lat' dir='ltr'><strong>compararet</strong></span> <span class='ocrx_word' id='word_1_144' title='bbox 1863 2140 2195 2211; x_wconf 89' lang='lat' dir='ltr'><strong>exercitum,</strong></span> 
     </span>
     <span class='ocr_line' id='line_1_21' title="bbox 299 2235 2196 2314; baseline -0.002 -19"><span class='ocrx_word' id='word_1_145' title='bbox 299 2240 379 2295; x_wconf 77' lang='lat'><strong>20</strong></span> <span class='ocrx_word' id='word_1_146' title='bbox 418 2236 838 2312; x_wconf 90' lang='lat' dir='ltr'><strong>AEgyptumque</strong></span> <span class='ocrx_word' id='word_1_147' title='bbox 864 2235 1148 2312; x_wconf 81' lang='lat' dir='ltr'><strong>proficisci</strong></span> <span class='ocrx_word' id='word_1_148' title='bbox 1188 2248 1430 2314; x_wconf 90' lang='lat' dir='ltr'><strong>pararet,</strong></span> <span class='ocrx_word' id='word_1_149' title='bbox 1475 2237 1661 2297; x_wconf 76' lang='lat' dir='ltr'><strong>subito</strong></span> <span class='ocrx_word' id='word_1_150' title='bbox 1709 2258 1742 2295; x_wconf 94' lang='lat' dir='ltr'><strong>a</strong></span> <span class='ocrx_word' id='word_1_151' title='bbox 1785 2237 1949 2313; x_wconf 87' lang='lat' dir='ltr'><strong>Rege</strong></span> <span class='ocrx_word' id='word_1_152' title='bbox 1996 2235 2196 2294; x_wconf 83' lang='lat' dir='ltr'><strong>litterae</strong></span> 
     </span>
     <span class='ocr_line' id='line_1_22' title="bbox 418 2329 2197 2409; baseline -0.001 -19"><span class='ocrx_word' id='word_1_153' title='bbox 418 2343 550 2390; x_wconf 87' lang='lat' dir='ltr'><strong>sunt</strong></span> <span class='ocrx_word' id='word_1_154' title='bbox 575 2329 629 2388; x_wconf 92' lang='lat' dir='ltr'><strong>ei</strong></span> <span class='ocrx_word' id='word_1_155' title='bbox 657 2329 861 2404; x_wconf 71' lang='lat' dir='ltr'><strong>missas,</strong></span> <span class='ocrx_word' id='word_1_156' title='bbox 889 2342 953 2389; x_wconf 89' lang='lat' dir='ltr'><strong>ut</strong></span> <span class='ocrx_word' id='word_1_157' title='bbox 1000 2331 1201 2409; x_wconf 83' lang='lat' dir='ltr'><strong>Aspim</strong></span> <span class='ocrx_word' id='word_1_158' title='bbox 1252 2334 1673 2409; x_wconf 80' lang='lat' dir='ltr'><strong>aggrederetur,</strong></span> <span class='ocrx_word' id='word_1_159' title='bbox 1719 2333 1814 2409; x_wconf 90' lang='lat' dir='ltr'><strong>qui</strong></span> <span class='ocrx_word' id='word_1_160' title='bbox 1861 2330 2197 2397; x_wconf 84' lang='lat' dir='ltr'><strong>Cataoniam</strong></span> 
     </span>
     <span class='ocr_line' id='line_1_23' title="bbox 416 2417 2196 2504; baseline -0.003 -17"><span class='ocrx_word' id='word_1_161' title='bbox 416 2419 838 2503; x_wconf 37' lang='lat' dir='ltr'><strong>tenebatz&#39;quae</strong></span> <span class='ocrx_word' id='word_1_162' title='bbox 866 2447 1008 2504; x_wconf 89' lang='lat' dir='ltr'><strong>gens</strong></span> <span class='ocrx_word' id='word_1_163' title='bbox 1029 2427 1186 2504; x_wconf 91' lang='lat' dir='ltr'><strong>jacet</strong></span> <span class='ocrx_word' id='word_1_164' title='bbox 1222 2447 1391 2504; x_wconf 87' lang='lat' dir='ltr'><strong>supra</strong></span> <span class='ocrx_word' id='word_1_165' title='bbox 1433 2428 1718 2501; x_wconf 82' lang='lat' dir='ltr'><strong>Ciliciam,</strong></span> <span class='ocrx_word' id='word_1_166' title='bbox 1764 2426 2004 2485; x_wconf 88' lang='lat' dir='ltr'><strong>confinis</strong></span> <span class='ocrx_word' id='word_1_167' title='bbox 2027 2417 2196 2501; x_wconf 55' lang='lat' dir='ltr'><strong>‘Cap-</strong></span> 
     </span>
     <span class='ocr_line' id='line_1_24' title="bbox 413 2522 2196 2600; baseline -0.001 -20"><span class='ocrx_word' id='word_1_168' title='bbox 413 2522 680 2600; x_wconf 84' lang='lat' dir='ltr'><strong>padociae.</strong></span> <span class='ocrx_word' id='word_1_169' title='bbox 762 2522 1025 2598; x_wconf 89' lang='lat' dir='ltr'><strong>Namque</strong></span> <span class='ocrx_word' id='word_1_170' title='bbox 1082 2524 1274 2600; x_wconf 88' lang='lat' dir='ltr'><strong>Aspis,</strong></span> <span class='ocrx_word' id='word_1_171' title='bbox 1319 2525 1622 2583; x_wconf 85' lang='lat' dir='ltr'><strong>saltuosam</strong></span> <span class='ocrx_word' id='word_1_172' title='bbox 1666 2524 1956 2600; x_wconf 88' lang='lat' dir='ltr'><strong>regionem</strong></span> <span class='ocrx_word' id='word_1_173' title='bbox 1998 2522 2196 2580; x_wconf 85' lang='lat' dir='ltr'><strong>castel-</strong></span> 
     </span>
     <span class='ocr_line' id='line_1_25' title="bbox 411 2615 2194 2695; baseline 0 -20"><span class='ocrx_word' id='word_1_174' title='bbox 411 2615 592 2693; x_wconf 91' lang='lat' dir='ltr'><strong>lisque</strong></span> <span class='ocrx_word' id='word_1_175' title='bbox 620 2617 894 2676; x_wconf 88' lang='lat' dir='ltr'><strong>munitam</strong></span> <span class='ocrx_word' id='word_1_176' title='bbox 922 2618 1199 2692; x_wconf 81' lang='lat' dir='ltr'><strong>incolenS‚</strong></span> <span class='ocrx_word' id='word_1_177' title='bbox 1224 2639 1340 2677; x_wconf 91' lang='lat' dir='ltr'><strong>non</strong></span> <span class='ocrx_word' id='word_1_178' title='bbox 1360 2617 1546 2677; x_wconf 69' lang='lat' dir='ltr'><strong>&#39;solum</strong></span> <span class='ocrx_word' id='word_1_179' title='bbox 1579 2618 1826 2695; x_wconf 86' lang='lat' dir='ltr'><strong>imperio‘</strong></span> <span class='ocrx_word' id='word_1_180' title='bbox 1855 2618 2039 2694; x_wconf 88' lang='lat' dir='ltr'><strong>Regis</strong></span> <span class='ocrx_word' id='word_1_181' title='bbox 2082 2636 2194 2675; x_wconf 91' lang='lat' dir='ltr'><strong>non</strong></span> 
     </span>
     <span class='ocr_line' id='line_1_26' title="bbox 296 2712 2195 2791; baseline -0.001 -20"><span class='ocrx_word' id='word_1_182' title='bbox 296 2715 375 2771; x_wconf 75' lang='lat'><strong>25</strong></span> <span class='ocrx_word' id='word_1_183' title='bbox 412 2713 661 2789; x_wconf 90' lang='lat' dir='ltr'><strong>parebat,</strong></span> <span class='ocrx_word' id='word_1_184' title='bbox 690 2713 788 2769; x_wconf 91' lang='lat' dir='ltr'><strong>sed</strong></span> <span class='ocrx_word' id='word_1_185' title='bbox 816 2712 987 2770; x_wconf 90' lang='lat' dir='ltr'><strong>etiam</strong></span> <span class='ocrx_word' id='word_1_186' title='bbox 1032 2713 1300 2771; x_wconf 87' lang='lat' dir='ltr'><strong>finitimas</strong></span> <span class='ocrx_word' id='word_1_187' title='bbox 1342 2715 1603 2791; x_wconf 85' lang='lat' dir='ltr'><strong>regiones</strong></span> <span class='ocrx_word' id='word_1_188' title='bbox 1650 2715 1909 2786; x_wconf 86' lang='lat' dir='ltr'><strong>vexabat,</strong></span> <span class='ocrx_word' id='word_1_189' title='bbox 1954 2725 2030 2786; x_wconf 90' lang='lat' dir='ltr'><strong>et,</strong></span> <span class='ocrx_word' id='word_1_190' title='bbox 2072 2730 2195 2788; x_wconf 81' lang='lat' dir='ltr'><strong>quae</strong></span> 
     </span>
     <span class='ocr_line' id='line_1_27' title="bbox 413 2805 2194 2886; baseline -0.002 -20"><span class='ocrx_word' id='word_1_191' title='bbox 413 2808 565 2886; x_wconf 87' lang='lat' dir='ltr'><strong>Regi</strong></span> <span class='ocrx_word' id='word_1_192' title='bbox 616 2819 989 2885; x_wconf 88' lang='lat' dir='ltr'><strong>portarentur,</strong></span> <span class='ocrx_word' id='word_1_193' title='bbox 1054 2807 1381 2884; x_wconf 89' lang='lat' dir='ltr'><strong>abripiebat.</strong></span> <span class='ocrx_word' id='word_1_194' title='bbox 1491 2808 1781 2880; x_wconf 82' lang='lat' dir='ltr'><strong>Datames,</strong></span> <span class='ocrx_word' id='word_1_195' title='bbox 1851 2808 1959 2865; x_wconf 85' lang='lat' dir='ltr'><strong>etsi</strong></span> <span class='ocrx_word' id='word_1_196' title='bbox 2024 2805 2194 2883; x_wconf 70' lang='lat' dir='ltr'><strong>longe</strong></span> 
     </span>
     <span class='ocr_line' id='line_1_28' title="bbox 414 2889 2193 2981; baseline -0.003 -19"><span class='ocrx_word' id='word_1_197' title='bbox 414 2906 604 2963; x_wconf 88' lang='lat' dir='ltr'><strong>aberat</strong></span> <span class='ocrx_word' id='word_1_198' title='bbox 631 2904 701 2962; x_wconf 94' lang='lat' dir='ltr'><strong>ab</strong></span> <span class='ocrx_word' id='word_1_199' title='bbox 727 2903 814 2961; x_wconf 90' lang='lat' dir='ltr'><strong>his</strong></span> <span class='ocrx_word' id='word_1_200' title='bbox 840 2902 1186 2979; x_wconf 89' lang='lat' dir='ltr'><strong>regionibus,</strong></span> <span class='ocrx_word' id='word_1_201' title='bbox 1215 2915 1271 2962; x_wconf 89' lang='lat' dir='ltr'><strong>et</strong></span> <span class='ocrx_word' id='word_1_202' title='bbox 1310 2924 1344 2961; x_wconf 92' lang='lat' dir='ltr'><strong>a</strong></span> <span class='ocrx_word' id='word_1_203' title='bbox 1378 2905 1591 2981; x_wconf 87' lang='lat' dir='ltr'><strong>majore</strong></span> <span class='ocrx_word' id='word_1_204' title='bbox 1634 2889 1697 2962; x_wconf 46' lang='lat' dir='ltr'><strong>”re</strong></span> <span class='ocrx_word' id='word_1_205' title='bbox 1746 2903 2193 2972; x_wconf 88' lang='lat' dir='ltr'><strong>abstrahebatur,</strong></span> 
     </span>
     <span class='ocr_line' id='line_1_29' title="bbox 412 2985 2194 3075; baseline -0.002 -19"><span class='ocrx_word' id='word_1_206' title='bbox 412 3011 602 3057; x_wconf 90' lang='lat' dir='ltr'><strong>tamen</strong></span> <span class='ocrx_word' id='word_1_207' title='bbox 621 2999 804 3075; x_wconf 91' lang='lat' dir='ltr'><strong>Regis</strong></span> <span class='ocrx_word' id='word_1_208' title='bbox 823 2997 1095 3056; x_wconf 86' lang='lat' dir='ltr'><strong>voluntati</strong></span> <span class='ocrx_word' id='word_1_209' title='bbox 1117 3018 1330 3066; x_wconf 90' lang='lat' dir='ltr'><strong>morem</strong></span> <span class='ocrx_word' id='word_1_210' title='bbox 1349 3000 1661 3075; x_wconf 90' lang='lat' dir='ltr'><strong>gerendum</strong></span> <span class='ocrx_word' id='word_1_211' title='bbox 1682 2999 1913 3075; x_wconf 89' lang='lat' dir='ltr'><strong>putavit.</strong></span> <span class='ocrx_word' id='word_1_212' title='bbox 1996 2985 2194 3071; x_wconf 82' lang='lat' dir='ltr'><strong>Itaque</strong></span> 
     </span>
     <span class='ocr_line' id='line_1_30' title="bbox 412 3091 2196 3169; baseline -0.001 -18"><span class='ocrx_word' id='word_1_213' title='bbox 412 3112 543 3151; x_wconf 89' lang='lat' dir='ltr'><strong>cum</strong></span> <span class='ocrx_word' id='word_1_214' title='bbox 563 3094 780 3169; x_wconf 89' lang='lat' dir='ltr'><strong>paucis,</strong></span> <span class='ocrx_word' id='word_1_215' title='bbox 812 3093 911 3151; x_wconf 88' lang='lat' dir='ltr'><strong>sed</strong></span> <span class='ocrx_word' id='word_1_216' title='bbox 939 3092 1072 3149; x_wconf 88' lang='lat' dir='ltr'><strong>viris</strong></span> <span class='ocrx_word' id='word_1_217' title='bbox 1095 3093 1351 3166; x_wconf 82' lang='lat' dir='ltr'><strong>fortibus,</strong></span> <span class='ocrx_word' id='word_1_218' title='bbox 1395 3113 1595 3151; x_wconf 85' lang='lat' dir='ltr'><strong>navem</strong></span> <span class='ocrx_word' id='word_1_219' title='bbox 1639 3094 2007 3152; x_wconf 87' lang='lat' dir='ltr'><strong>conscendit:</strong></span> <span class='ocrx_word' id='word_1_220' title='bbox 2049 3091 2196 3150; x_wconf 87' lang='lat' dir='ltr'><strong>exis·</strong></span> 
     </span>
     <span class='ocr_line' id='line_1_31' title="bbox 295 3172 2195 3265; baseline -0.001 -19"><span class='ocrx_word' id='word_1_221' title='bbox 295 3188 373 3246; x_wconf 84' lang='lat'><strong>30</strong></span> <span class='ocrx_word' id='word_1_222' title='bbox 410 3188 616 3246; x_wconf 75' lang='lat' dir='ltr'><strong>timaus</strong></span> <span class='ocrx_word' id='word_1_223' title='bbox 646 3185 731 3262; x_wconf 89' lang='lat' dir='ltr'><strong>(id</strong></span> <span class='ocrx_word' id='word_1_224' title='bbox 756 3188 903 3263; x_wconf 88' lang='lat' dir='ltr'><strong>quod</strong></span> <span class='ocrx_word' id='word_1_225' title='bbox 938 3187 1171 3265; x_wconf 70' lang='lat' dir='ltr'><strong>accidit)</strong></span> <span class='ocrx_word' id='word_1_226' title='bbox 1203 3186 1427 3246; x_wconf 64' lang='lat' dir='ltr'><strong>facilins</strong></span> <span class='ocrx_word' id='word_1_227' title='bbox 1455 3202 1515 3245; x_wconf 74' lang='lat' dir='ltr'><strong>se</strong></span> <span class='ocrx_word' id='word_1_228' title='bbox 1559 3172 1978 3265; x_wconf 76' lang='lat' dir='ltr'><strong>imprudentem</strong></span> <span class='ocrx_word' id='word_1_229' title='bbox 2020 3188 2195 3263; x_wconf 68' lang='lat' dir='ltr'><strong>parva</strong></span> 
     </span>
     <span class='ocr_line' id='line_1_32' title="bbox 411 3280 2195 3358; baseline -0.001 -17"><span class='ocrx_word' id='word_1_230' title='bbox 411 3301 583 3341; x_wconf 91' lang='lat' dir='ltr'><strong>manu</strong></span> <span class='ocrx_word' id='word_1_231' title='bbox 635 3301 1067 3357; x_wconf 87' lang='lat' dir='ltr'><strong>oppressurum‚.</strong></span> <span class='ocrx_word' id='word_1_232' title='bbox 1102 3280 1270 3357; x_wconf 67' lang='lat' dir='ltr'><strong>quam</strong></span> <span class='ocrx_word' id='word_1_233' title='bbox 1339 3296 1615 3358; x_wconf 85' lang='lat' dir='ltr'><strong>paratum,</strong></span> <span class='ocrx_word' id='word_1_234' title='bbox 1670 3281 1926 3358; x_wconf 71' lang='lat' dir='ltr'><strong>quamvis</strong></span> <span class='ocrx_word' id='word_1_235' title='bbox 1978 3302 2195 3358; x_wconf 81' lang='lat' dir='ltr'><strong>magno</strong></span> 
     </span>
     <span class='ocr_line' id='line_1_33' title="bbox 410 3362 2196 3455; baseline -0.001 -18"><span class='ocrx_word' id='word_1_236' title='bbox 410 3376 680 3437; x_wconf 83' lang='lat' dir='ltr'><strong>exercitu.</strong></span> <span class='ocrx_word' id='word_1_237' title='bbox 761 3377 891 3434; x_wconf 73' lang='lat' dir='ltr'><strong>Hac</strong></span> <span class='ocrx_word' id='word_1_238' title='bbox 921 3379 1141 3435; x_wconf 88' lang='lat' dir='ltr'><strong>delatus</strong></span> <span class='ocrx_word' id='word_1_239' title='bbox 1170 3365 1236 3433; x_wconf 90' lang='lat' dir='ltr'><strong>in</strong></span> <span class='ocrx_word' id='word_1_240' title='bbox 1260 3362 1544 3452; x_wconf 86' lang='lat' dir='ltr'><strong>Ciliciam,</strong></span> <span class='ocrx_word' id='word_1_241' title='bbox 1573 3397 1835 3455; x_wconf 87' lang='lat' dir='ltr'><strong>egressus</strong></span> <span class='ocrx_word' id='word_1_242' title='bbox 1878 3378 2032 3452; x_wconf 91' lang='lat' dir='ltr'><strong>inde,</strong></span> <span class='ocrx_word' id='word_1_243' title='bbox 2072 3379 2196 3436; x_wconf 86' lang='lat' dir='ltr'><strong>dies</strong></span> 
     </span>
    </p>
   </div>
   <div class='ocr_carea' id='block_1_3' title="bbox 412 3471 2289 3549">
    <p class='ocr_par' dir='ltr' id='par_1_3' title="bbox 412 3471 2289 3549">
     <span class='ocr_line' id='line_1_34' title="bbox 412 3471 2289 3549; baseline -0.001 -15"><span class='ocrx_word' id='word_1_244' title='bbox 412 3486 717 3549; x_wconf 87' lang='lat' dir='ltr'><strong>noctesque</strong></span> <span class='ocrx_word' id='word_1_245' title='bbox 745 3471 850 3530; x_wconf 89' lang='lat' dir='ltr'><strong>iter</strong></span> <span class='ocrx_word' id='word_1_246' title='bbox 879 3473 1114 3547; x_wconf 86' lang='lat' dir='ltr'><strong>faciens,</strong></span> <span class='ocrx_word' id='word_1_247' title='bbox 1133 3472 1403 3530; x_wconf 58' lang='lat' dir='ltr'><strong>&gt;Taurum</strong></span> <span class='ocrx_word' id='word_1_248' title='bbox 1426 3473 1667 3546; x_wconf 84' lang='lat' dir='ltr'><strong>transiit,</strong></span> <span class='ocrx_word' id='word_1_249' title='bbox 1695 3471 1877 3549; x_wconf 74' lang='lat' dir='ltr'><strong>eoque</strong></span> <span class='ocrx_word' id='word_1_250' title='bbox 1924 3472 2037 3548; x_wconf 70' lang='lat' dir='ltr'><strong>quo</strong></span> <span class='ocrx_word' id='word_1_251' title='bbox 2080 3486 2196 3532; x_wconf 90' lang='lat' dir='ltr'><strong>stu·</strong></span> <span class='ocrx_word' id='word_1_252' title='bbox 2286 3535 2289 3539; x_wconf 66' lang='grc'>,</span> 
     </span>
    </p>
   </div>
  </div>
 </body>
</html>
