2492 4207
733 235 793 284 T.
828 235 1232 298 POMPONIUS
1268 234 1589 284 ATTICUS.
1690 280 1694 284 .
1727 246 1733 252 ·
2066 230 2177 289 123

265 396 673 472 occupationes
699 394 891 453 minus
918 393 1069 471 s'aepe
1099 392 1270 470 quam
1308 395 1476 454 vellet
1522 395 1721 453 Attico
1759 396 2058 470 frueretur,

222 541 231 550 .
263 491 456 549 nullus
484 479 608 548 dies
640 490 884 569 [tamen]
917 489 1132 548 temere
1164 491 1504 562 intercessit,
1533 510 1643 565 quo
1670 511 1783 549 non
1815 487 1888 549 ad
1930 511 2061 552 eum
2113 533 2120 540 ·

263 586 583 646 scriberet.
646 606 853 692 quum
874 585 1043 644 modo
1099 586 1312 663 aliquid
1366 586 1437 642 de
1492 586 1822 660 antiquitate
1870 588 1942 645 ab
1994 608 2065 647 eo

258 682 596 759 requireret,
623 681 791 740 modo
824 660 1067 757 aliquam
1114 701 1172 739 e1
1196 679 1569 757 quaestionem
1607 681 1891 756 poeticam
1938 703 2063 760 pro-

92 769 100 788 *
153 809 165 817 τ
258 788 520 858 poneret,
550 777 876 837 interdum
856 781 1058 856 jocans
1084 777 1208 853 ejus
1253 773 1601 840 verbosiores
1641 776 1873 835 ‘eliceret
1919 780 2066 854 epis-
2100 781 2141 836 5

260 874 425 931 tolaS.
507 873 595 930 Ex
649 870 759 948 quo
812 872 1053 945 accidit,
1095 892 1270 948 quum
1313 872 1464 929 aedes
1512 870 1671 930 Jovis
1713 871 2015 946 Feretrii,
2002 894 2063 932 m

262 967 547 1043 Capitolio
575 968 646 1024 ab
674 967 925 1026 Romulo
952 969 1281 1040 constituta,
1309 978 1587 1048 yetustate
1630 978 1797 1041 atque
1840 967 2062 1026 incuria

263 1062 497 1133 detecta>
536 1053 943 1138 prolaberetur,
978 1069 1050 1120 'ut
1103 1063 1288 1121 Attici
1342 1062 1634 1129 admonitu
1688 1062 1884 1134 Caesar
1935 1082 2070 1121 eam-

260 1157 635 1215 reficiendam
673 1170 916 1216 curaret.
1001 1143 1205 1232 Neque
1220 1156 1360 1215 vero
1402 1158 1472 1214 ab
1489 1156 1571 1215 M.
1596 1158 1853 1216 Antonio
1873 1156 2065 1217 minus

260 1253 470 1318 absens
496 1253 700 1326 litteris
728 1254 1073 1311 colebaturz‘
1097 1250 1241 1331 adeo
1265 1264 1327 1311 ut
1366 1252 1633 1320 accurate
1683 1253 1777 1310 ille
1825 1273 1899 1311 ex
1937 1253 2064 1312 ulti·
2095 1241 2179 1312 10

260 1346 370 1417 mis
397 1347 585 1426 terris,
611 1346 748 1422 quid
779 1359 990 1423 ageret,
1019 1347 1152 1423 quid
1182 1367 1333 1405 curae
1357 1349 1466 1406 sibi
1489 1345 1744 1422 haberet,
1763 1348 2065 1408 certiorem

260 1443 479 1500 faceret
507 1442 786 1506 Atticum.
870 1442 1000 1502 Hoc
1015 1445 1192 1534 quale
1219 1444 1313 1516 sit,
1344 1443 1570 1502 facilius
1616 1443 2007 1504 existimabit
1992 1465 2078 1519 1s,.

259 1537 359 1612 qui
383 1535 643 1614 judicare
669 1538 893 1614 poterit,
941 1551 1167 1614 quantae
1215 1540 1290 1597 sit
1333 1539 1646 1642 sapientiae,
1693 1527 1890 1598 eorum
1935 1541 2065 1599 reti-

189 1704 194 1710 *
260 1653 401 1694 nere
452 1654 616 1692 usum
664 1635 1253 1708 benevolentiamque,
1308 1633 1478 1689 inter
1508 1652 1648 1707 quos
1690 1625 2065 1692 maximarum

259 1735 449 1788 rerum
476 1750 598 1788 non
626 1728 811 1788 solum
839 1728 1144 1802 aemulatio,
1173 1727 1275 1784 sed
1317 1727 1655 1806 obtrectatio
1696 1740 1854 1787 tanta
1896 1729 2066 1787 inter·
2109 1730 2183 1786 15
2213 1753 2216 1754 ⁷

260 1817 533 1898 cedebat,
551 1837 825 1900 quantam
855 1823 962 1896 fuit
1009 1822 1265 1880 incidere
1314 1842 1550 1882 necesse
1587 1823 1734 1882 inter
1778 1805 2066 1882 Caesarem

261 1932 429 1994 atque
485 1919 849 1996 Antonium3
881 1929 1091 1993 quum
1144 1938 1206 1976 se
1259 1929 1495 1993 uterque
1567 1915 1884 1995 principem
1952 1917 2067 1978 non

260 2011 447 2073 solum
477 2013 633 2071 urbis
659 2012 886 2086 Romae,
916 2013 1017 2070 sed
1038 2012 1191 2071 orbis
1217 2025 1498 2072 terrarum
1525 2033 1651 2072 esse
1679 2026 1930 2091 cuperet*

342 2109 516 2171 XXI.
602 2109 738 2170 Tali
767 2110 936 2168 modo
962 2106 1138 2185 quum
1165 2122 1385 2187 septem
1405 2106 1470 2168 'et
1496 2112 1861 2204 septuaginta
1888 2132 2067 2171 annos

261 2205 623 2284 complesset,
654 2217 821 2280 atque
851 2207 937 2264 ad
966 2218 1313 2283 extremam
1328 2203 1683 2265 sen'ectutem
1711 2227 1827 2267 non
1875 2206 2067 2266 minus
2105 2208 2183 2266 2⁰

260 2303 557 2408 dignitate,
586 2299 758 2376 quam
808 2300 995 2377 gratia
1050 2301 1387 2375 fortunaque
1451 2303 1763 2363 crevisset·
1749 2349 1763 2375 ,
1829 2302 2066 2381 (multas
2239 2289 2249 2302 ⁹

260 2397 415 2455 enim
442 2396 805 2455 haereditates
831 2380 992 2452 nulla
1021 2395 1133 2452 alia
1159 2414 1220 2475 re
1249 2394 1420 2469 quam
1448 2396 1703 2456 bonitate
1739 2411 1828 2456 est
1867 2419 2067 2473 conse-

261 2492 457 2569 cutus)
488 2491 762 2566 tantaque
807 2488 1177 2565 prosperitate
1220 2509 1359 2547 usus
1401 2503 1551 2549 esset
1592 2493 1954 2566 valetudinis,
2002 2503 2067 2551 ut

262 2607 446 2646 annos
497 2585 733 2662 triginta
785 2584 1073 2642 medicina
1121 2604 1238 2644 non
1287 2585 1663 2663 indiguisset:
1721 2599 1925 2646 nactus
1978 2600 2065 2646 est

263 2682 542 2755 morbum,
570 2677 739 2757 quem
768 2679 931 2753 initio
957 2692 1015 2738 et
1057 2680 1176 2759 ipse
1220 2692 1279 2739 et
1307 2682 1531 2740 *medici
1578 2695 2060 2761 contempserunt.
2102 2686 2180 2743 25

234 2777 419 2836 ‘Nam
466 2777 736 2863 putarunt
778 2796 904 2834 esse
957 2787 1293 2849 tenesmon5
1336 2776 1436 2834 cui
1470 2779 1723 2836 remedia
1749 2779 1961 2855 celeria
1988 2780 2066 2837 fa-

174 2872 177 2875 ’
265 2873 510 2949 ciliaque
535 2873 1007 2949 proponebantur.
1090 2870 1160 2940 In
1190 2872 1299 2929 hoc
1320 2891 1494 2946 quum
1522 2883 1636 2932 tres
1676 2893 1910 2931 menses
1939 2873 2063 2932 sine

265 2969 396 3028 ullis
425 2968 730 3040 doloribus,
757 2979 1131 3044 praeterquam
1157 2986 1298 3042 quos
1325 2987 1397 3025 ex
1444 2960 1737 3031 curatione
1780 2968 2061 3045 capiebat,

265 3058 745 3139 consumpsissem
790 3061 977 3120 subito
1007 3056 1179 3137 tanta'
1203 3062 1288 3119 vis
1334 3064 1516 3122 morbi
1567 3063 1626 3121 in
1674 3082 1850 3129 unum
1892 3064 2063 3123 intes-

265 3163 450 3220 tinum
476 3144 752 3236 prorupit,
779 3169 844 3215 ut
864 3170 1121 3216 *extremo
1158 3171 1411 3233 tempore
1459 3180 1559 3235 per
1606 3160 1827 3229 lumbos
1875 3159 2064 3219 fistula
2101 3160 2178 3218 30

266 3257 445 3334 putris
480 3254 749 3332 eruperit.
837 3252 1053 3330 [Atque
1097 3256 1208 3313 hoc
1253 3255 1580 3331 priusquam
1628 3256 1682 3312 ei
1726 3257 2058 3336 accideret,]

265 3365 561 3428 postquam
590 3351 650 3408 in
679 3349 802 3421 dies
847 3349 1067 3407 dolores
1117 3336 1446 3408 accrescere
1501 3348 1838 3428 febremque'
1874 3372 2063 3417 acces-

271 3449 407 3506 sisse
435 3447 633 3519 sensit,
663 3446 990 3523 Agrippam·
1009 3464 1285 3520 generum
1335 3440 1405 3515 ad
1434 3466 1494 3503 se
1524 3434 1733 3524 arcessi
1775 3442 1963 3525 jussit,
2005 3458 2062 3505 et
