<?xml version="1.0" encoding="UTF-8"?>
<!DOCTYPE html PUBLIC "-//W3C//DTD XHTML 1.0 Transitional//EN"
    "http://www.w3.org/TR/xhtml1/DTD/xhtml1-transitional.dtd">
<html xmlns="http://www.w3.org/1999/xhtml" xml:lang="en" lang="en">
 <head>
  <title>
</title>
<meta http-equiv="Content-Type" content="text/html;charset=utf-8" />
  <meta name='ocr-system' content='tesseract 3.04.00' />
  <meta name='ocr-capabilities' content='ocr_page ocr_carea ocr_par ocr_line ocrx_word'/>
</head>
<body>
  <div class='ocr_page' id='page_1' title='image "./devitaexcellent00haywgoog_0061.png"; bbox 0 0 2492 4207; ppageno 0'>
   <div class='ocr_carea' id='block_1_1' title="bbox 974 225 2191 280">
    <p class='ocr_par' dir='ltr' id='par_1_1' title="bbox 974 225 2191 280">
     <span class='ocr_line' id='line_1_1' title="bbox 974 225 2191 280; baseline 0.002 -2"><span class='ocrx_word' id='word_1_1' title='bbox 974 229 1403 279; x_wconf 83' lang='lat' dir='ltr'>TIMOTHEUS.</span> <span class='ocrx_word' id='word_1_2' title='bbox 2120 225 2191 280; x_wconf 85' lang='lat'><strong>51</strong></span> 
     </span>
    </p>
   </div>
   <div class='ocr_carea' id='block_1_2' title="bbox 268 390 2190 2830">
    <p class='ocr_par' dir='ltr' id='par_1_2' title="bbox 290 390 2155 1233">
     <span class='ocr_line' id='line_1_2' title="bbox 305 390 2076 469; baseline 0.001 -22"><span class='ocrx_word' id='word_1_3' title='bbox 305 409 463 466; x_wconf 80' lang='lat' dir='ltr'><strong>aequo</strong></span> <span class='ocrx_word' id='word_1_4' title='bbox 487 408 763 467; x_wconf 76' lang='lat' dir='ltr'>pauperes</span> <span class='ocrx_word' id='word_1_5' title='bbox 792 390 1032 448; x_wconf 86' lang='lat' dir='ltr'><strong>alienam</strong></span> <span class='ocrx_word' id='word_1_6' title='bbox 1058 392 1411 469; x_wconf 88' lang='lat' dir='ltr'><strong>opulentium</strong></span> <span class='ocrx_word' id='word_1_7' title='bbox 1438 391 1731 450; x_wconf 85' lang='lat' dir='ltr'><strong>intuuntur</strong></span> <span class='ocrx_word' id='word_1_8' title='bbox 1779 392 2076 449; x_wconf 85' lang='lat' dir='ltr'><strong>fortunam.</strong></span> 
     </span>
     <span class='ocr_line' id='line_1_3' title="bbox 301 484 2074 562; baseline 0 -19"><span class='ocrx_word' id='word_1_9' title='bbox 301 484 500 561; x_wconf 90' lang='lat' dir='ltr'><strong>Itaque</strong></span> <span class='ocrx_word' id='word_1_10' title='bbox 556 486 851 559; x_wconf 85' lang='lat' dir='ltr'><strong>Chabrias,</strong></span> <span class='ocrx_word' id='word_1_11' title='bbox 906 487 1090 561; x_wconf 89' lang='lat' dir='ltr'><strong>quoad</strong></span> <span class='ocrx_word' id='word_1_12' title='bbox 1137 486 1192 543; x_wconf 92' lang='lat' dir='ltr'><strong>ei</strong></span> <span class='ocrx_word' id='word_1_13' title='bbox 1245 485 1472 559; x_wconf 82' lang='lat' dir='ltr'><strong>licebat,</strong></span> <span class='ocrx_word' id='word_1_14' title='bbox 1525 485 1828 562; x_wconf 73' lang='lat' dir='ltr'><strong>plurimum</strong></span> <span class='ocrx_word' id='word_1_15' title='bbox 1868 487 2074 545; x_wconf 87' lang='lat' dir='ltr'><strong>aberat.</strong></span> 
     </span>
     <span class='ocr_line' id='line_1_4' title="bbox 297 579 2079 656; baseline 0.001 -18"><span class='ocrx_word' id='word_1_16' title='bbox 297 579 504 656; x_wconf 86' lang='lat' dir='ltr'><strong>Neque</strong></span> <span class='ocrx_word' id='word_1_17' title='bbox 531 579 665 640; x_wconf 73' lang='lat' dir='ltr'><strong>vero</strong></span> <span class='ocrx_word' id='word_1_18' title='bbox 692 582 842 640; x_wconf 91' lang='lat' dir='ltr'><strong>solus</strong></span> <span class='ocrx_word' id='word_1_19' title='bbox 869 582 964 639; x_wconf 91' lang='lat' dir='ltr'><strong>ille</strong></span> <span class='ocrx_word' id='word_1_20' title='bbox 992 581 1184 640; x_wconf 89' lang='lat' dir='ltr'><strong>aberat</strong></span> <span class='ocrx_word' id='word_1_21' title='bbox 1206 582 1452 640; x_wconf 75' lang='lat' dir='ltr'><strong>Athenis</strong></span> <span class='ocrx_word' id='word_1_22' title='bbox 1479 581 1736 656; x_wconf 81' lang='lat' dir='ltr'><strong>libenter,</strong></span> <span class='ocrx_word' id='word_1_23' title='bbox 1766 583 1865 640; x_wconf 88' lang='lat' dir='ltr'><strong>sed</strong></span> <span class='ocrx_word' id='word_1_24' title='bbox 1881 601 2079 641; x_wconf 88' lang='lat' dir='ltr'><strong>omnes</strong></span> 
     </span>
     <span class='ocr_line' id='line_1_5' title="bbox 297 674 2079 753; baseline 0.001 -19"><span class='ocrx_word' id='word_1_25' title='bbox 297 675 418 734; x_wconf 72' lang='lat' dir='ltr'><strong>fere</strong></span> <span class='ocrx_word' id='word_1_26' title='bbox 444 676 730 753; x_wconf 82' lang='lat' dir='ltr'><strong>principes</strong></span> <span class='ocrx_word' id='word_1_27' title='bbox 757 678 1015 736; x_wconf 87' lang='lat' dir='ltr'><strong>fecerunt</strong></span> <span class='ocrx_word' id='word_1_28' title='bbox 1042 677 1191 734; x_wconf 91' lang='lat' dir='ltr'><strong>idem</strong></span> <span class='ocrx_word' id='word_1_29' title='bbox 1217 697 1230 735; x_wconf 74' lang='grc' dir='ltr'>ε</span> <span class='ocrx_word' id='word_1_30' title='bbox 1273 675 1425 753; x_wconf 74' lang='lat' dir='ltr'><strong>quod</strong></span> <span class='ocrx_word' id='word_1_31' title='bbox 1452 674 1673 734; x_wconf 73' lang='lat' dir='ltr'><strong>tantum</strong></span> <span class='ocrx_word' id='word_1_32' title='bbox 1700 697 1759 735; x_wconf 88' lang='lat' dir='ltr'><strong>se</strong></span> <span class='ocrx_word' id='word_1_33' title='bbox 1778 678 1848 736; x_wconf 91' lang='lat' dir='ltr'><strong>ab</strong></span> <span class='ocrx_word' id='word_1_34' title='bbox 1866 678 2079 736; x_wconf 67' lang='lat' dir='ltr'><strong>invidia</strong></span> 
     </span>
     <span class='ocr_line' id='line_1_6' title="bbox 293 771 2155 849; baseline 0.001 -21"><span class='ocrx_word' id='word_1_35' title='bbox 293 772 575 848; x_wconf 89' lang='lat' dir='ltr'><strong>putabant</strong></span> <span class='ocrx_word' id='word_1_36' title='bbox 602 772 907 846; x_wconf 83' lang='lat' dir='ltr'><strong>abfuturos,</strong></span> <span class='ocrx_word' id='word_1_37' title='bbox 935 771 1206 848; x_wconf 74' lang='lat' dir='ltr'><strong>quantum</strong></span> <span class='ocrx_word' id='word_1_38' title='bbox 1235 792 1270 830; x_wconf 90' lang='lat' dir='ltr'><strong>a</strong></span> <span class='ocrx_word' id='word_1_39' title='bbox 1296 784 1606 849; x_wconf 90' lang='lat' dir='ltr'><strong>conspectu</strong></span> <span class='ocrx_word' id='word_1_40' title='bbox 1633 792 1858 831; x_wconf 91' lang='lat' dir='ltr'><strong>suorum</strong></span> <span class='ocrx_word' id='word_1_41' title='bbox 1896 792 2080 832; x_wconf 89' lang='lat' dir='ltr'><strong>reces-</strong></span> <span class='ocrx_word' id='word_1_42' title='bbox 2115 777 2155 830; x_wconf 88' lang='lat'>5</span> 
     </span>
     <span class='ocr_line' id='line_1_7' title="bbox 296 866 2077 947; baseline 0.002 -24"><span class='ocrx_word' id='word_1_43' title='bbox 296 866 519 926; x_wconf 80' lang='lat' dir='ltr'><strong>sissent.</strong></span> <span class='ocrx_word' id='word_1_44' title='bbox 602 867 800 944; x_wconf 86' lang='lat' dir='ltr'><strong>Itaque</strong></span> <span class='ocrx_word' id='word_1_45' title='bbox 823 869 1024 927; x_wconf 89' lang='lat' dir='ltr'><strong>Conon</strong></span> <span class='ocrx_word' id='word_1_46' title='bbox 1050 867 1355 946; x_wconf 71' lang='lat' dir='ltr'><strong>plurimum</strong></span> <span class='ocrx_word' id='word_1_47' title='bbox 1383 867 1557 947; x_wconf 85' lang='lat' dir='ltr'><strong>Cypri</strong></span> <span class='ocrx_word' id='word_1_48' title='bbox 1587 868 1743 941; x_wconf 85' lang='lat' dir='ltr'><strong>vixit,</strong></span> <span class='ocrx_word' id='word_1_49' title='bbox 1766 867 2077 945; x_wconf 80' lang='lat' dir='ltr'><strong>Iphicrates</strong></span> 
     </span>
     <span class='ocr_line' id='line_1_8' title="bbox 295 959 2077 1041; baseline 0.002 -23"><span class='ocrx_word' id='word_1_50' title='bbox 295 959 357 1018; x_wconf 93' lang='lat' dir='ltr'><strong>in</strong></span> <span class='ocrx_word' id='word_1_51' title='bbox 385 960 657 1037; x_wconf 56' lang='lat' dir='ltr'><strong>Thracis,</strong></span> <span class='ocrx_word' id='word_1_52' title='bbox 687 963 1026 1023; x_wconf 89' lang='lat' dir='ltr'><strong>Timotheus</strong></span> <span class='ocrx_word' id='word_1_53' title='bbox 1074 965 1266 1038; x_wconf 86' lang='lat' dir='ltr'><strong>Lesbi,</strong></span> <span class='ocrx_word' id='word_1_54' title='bbox 1310 964 1529 1023; x_wconf 83' lang='lat' dir='ltr'><strong>Chares</strong></span> <span class='ocrx_word' id='word_1_55' title='bbox 1572 965 1631 1021; x_wconf 95' lang='lat' dir='ltr'><strong>in</strong></span> <span class='ocrx_word' id='word_1_56' title='bbox 1681 964 1870 1041; x_wconf 86' lang='lat' dir='ltr'><strong>Sigeo.</strong></span> <span class='ocrx_word' id='word_1_57' title='bbox 1950 965 2077 1027; x_wconf 88' lang='lat' dir='ltr'><strong>Dis-</strong></span> 
     </span>
     <span class='ocr_line' id='line_1_9' title="bbox 292 1056 2076 1136; baseline 0.003 -23"><span class='ocrx_word' id='word_1_58' title='bbox 292 1056 491 1115; x_wconf 89' lang='lat' dir='ltr'><strong>similis</strong></span> <span class='ocrx_word' id='word_1_59' title='bbox 517 1058 745 1136; x_wconf 90' lang='lat' dir='ltr'><strong>quidem</strong></span> <span class='ocrx_word' id='word_1_60' title='bbox 773 1060 993 1118; x_wconf 86' lang='lat' dir='ltr'><strong>Chares</strong></span> <span class='ocrx_word' id='word_1_61' title='bbox 1019 1076 1214 1119; x_wconf 87' lang='lat' dir='ltr'><strong>eorum</strong></span> <span class='ocrx_word' id='word_1_62' title='bbox 1251 1072 1309 1119; x_wconf 93' lang='lat' dir='ltr'><strong>et</strong></span> <span class='ocrx_word' id='word_1_63' title='bbox 1348 1061 1512 1120; x_wconf 88' lang='lat' dir='ltr'><strong>factis</strong></span> <span class='ocrx_word' id='word_1_64' title='bbox 1557 1072 1615 1118; x_wconf 89' lang='lat' dir='ltr'><strong>et</strong></span> <span class='ocrx_word' id='word_1_65' title='bbox 1661 1060 1930 1133; x_wconf 90' lang='lat' dir='ltr'><strong>moribus,</strong></span> <span class='ocrx_word' id='word_1_66' title='bbox 1978 1061 2076 1118; x_wconf 88' lang='lat' dir='ltr'><strong>sed</strong></span> 
     </span>
     <span class='ocr_line' id='line_1_10' title="bbox 290 1154 1493 1233; baseline 0.003 -24"><span class='ocrx_word' id='word_1_67' title='bbox 290 1162 483 1210; x_wconf 87' lang='lat' dir='ltr'><strong>tamen</strong></span> <span class='ocrx_word' id='word_1_68' title='bbox 513 1154 760 1214; x_wconf 90' lang='lat' dir='ltr'><strong>Athenis</strong></span> <span class='ocrx_word' id='word_1_69' title='bbox 780 1168 839 1214; x_wconf 90' lang='lat' dir='ltr'><strong>et</strong></span> <span class='ocrx_word' id='word_1_70' title='bbox 866 1157 1173 1215; x_wconf 90' lang='lat' dir='ltr'><strong>honoratus</strong></span> <span class='ocrx_word' id='word_1_71' title='bbox 1192 1167 1250 1214; x_wconf 93' lang='lat' dir='ltr'><strong>et</strong></span> <span class='ocrx_word' id='word_1_72' title='bbox 1275 1168 1493 1233; x_wconf 89' lang='lat' dir='ltr'><strong>potens.</strong></span> 
     </span>
    </p>

    <p class='ocr_par' dir='ltr' id='par_1_3' title="bbox 268 1247 2190 2830">
     <span class='ocr_line' id='line_1_11' title="bbox 370 1247 2190 1333; baseline 0.002 -29"><span class='ocrx_word' id='word_1_73' title='bbox 370 1247 474 1305; x_wconf 73' lang='lat' dir='ltr'><strong>1v;</strong></span> <span class='ocrx_word' id='word_1_74' title='bbox 559 1250 841 1310; x_wconf 87' lang='lat' dir='ltr'><strong>Chabrias</strong></span> <span class='ocrx_word' id='word_1_75' title='bbox 863 1264 1051 1311; x_wconf 89' lang='lat' dir='ltr'><strong>autem</strong></span> <span class='ocrx_word' id='word_1_76' title='bbox 1094 1251 1263 1328; x_wconf 91' lang='lat' dir='ltr'><strong>periit</strong></span> <span class='ocrx_word' id='word_1_77' title='bbox 1310 1252 1458 1311; x_wconf 92' lang='lat' dir='ltr'><strong>bello</strong></span> <span class='ocrx_word' id='word_1_78' title='bbox 1505 1252 1701 1311; x_wconf 88' lang='lat' dir='ltr'><strong>sociali</strong></span> <span class='ocrx_word' id='word_1_79' title='bbox 1740 1252 1841 1310; x_wconf 89' lang='lat' dir='ltr'><strong>tali</strong></span> <span class='ocrx_word' id='word_1_80' title='bbox 1889 1252 2071 1310; x_wconf 90' lang='lat' dir='ltr'><strong>modo.</strong></span> <span class='ocrx_word' id='word_1_81' title='bbox 2120 1253 2190 1333; x_wconf 22' lang='lat'><strong>1¹0</strong></span> 
     </span>
     <span class='ocr_line' id='line_1_12' title="bbox 288 1340 2073 1420; baseline 0.002 -19"><span class='ocrx_word' id='word_1_82' title='bbox 288 1340 717 1420; x_wconf 78' lang='lat' dir='ltr'><strong>oppugnabant</strong></span> <span class='ocrx_word' id='word_1_83' title='bbox 744 1347 1128 1406; x_wconf 86' lang='lat' dir='ltr'><strong>Athenienses</strong></span> <span class='ocrx_word' id='word_1_84' title='bbox 1156 1347 1383 1405; x_wconf 91' lang='lat' dir='ltr'><strong>Chium.</strong></span> <span class='ocrx_word' id='word_1_85' title='bbox 1466 1347 1604 1408; x_wconf 89' lang='lat' dir='ltr'><strong>Erat</strong></span> <span class='ocrx_word' id='word_1_86' title='bbox 1626 1348 1685 1405; x_wconf 90' lang='lat' dir='ltr'><strong>in</strong></span> <span class='ocrx_word' id='word_1_87' title='bbox 1714 1349 1896 1406; x_wconf 89' lang='lat' dir='ltr'><strong>classe</strong></span> <span class='ocrx_word' id='word_1_88' title='bbox 1923 1347 2073 1405; x_wconf 91' lang='lat' dir='ltr'><strong>Cha-</strong></span> 
     </span>
     <span class='ocr_line' id='line_1_13' title="bbox 288 1437 2075 1522; baseline 0.003 -27"><span class='ocrx_word' id='word_1_89' title='bbox 288 1437 444 1497; x_wconf 86' lang='lat' dir='ltr'><strong>brias</strong></span> <span class='ocrx_word' id='word_1_90' title='bbox 468 1441 738 1517; x_wconf 89' lang='lat' dir='ltr'><strong>privatus,</strong></span> <span class='ocrx_word' id='word_1_91' title='bbox 768 1444 868 1501; x_wconf 89' lang='lat' dir='ltr'><strong>sed</strong></span> <span class='ocrx_word' id='word_1_92' title='bbox 893 1463 1109 1517; x_wconf 91' lang='lat' dir='ltr'><strong>omnes,</strong></span> <span class='ocrx_word' id='word_1_93' title='bbox 1132 1444 1229 1522; x_wconf 92' lang='lat' dir='ltr'><strong>qui</strong></span> <span class='ocrx_word' id='word_1_94' title='bbox 1259 1444 1318 1502; x_wconf 90' lang='lat' dir='ltr'><strong>in</strong></span> <span class='ocrx_word' id='word_1_95' title='bbox 1344 1444 1675 1521; x_wconf 85' lang='lat' dir='ltr'><strong>magistratu</strong></span> <span class='ocrx_word' id='word_1_96' title='bbox 1717 1456 1897 1518; x_wconf 90' lang='lat' dir='ltr'><strong>erant,</strong></span> <span class='ocrx_word' id='word_1_97' title='bbox 1944 1462 2075 1501; x_wconf 88' lang='lat' dir='ltr'><strong>auc·</strong></span> 
     </span>
     <span class='ocr_line' id='line_1_14' title="bbox 285 1535 2074 1617; baseline 0.002 -24"><span class='ocrx_word' id='word_1_98' title='bbox 285 1535 511 1593; x_wconf 89' lang='lat' dir='ltr'><strong>toritate</strong></span> <span class='ocrx_word' id='word_1_99' title='bbox 538 1539 827 1605; x_wconf 67' lang='lat' dir='ltr'><strong>anteibat.;</strong></span> <span class='ocrx_word' id='word_1_100' title='bbox 869 1560 1112 1613; x_wconf 90' lang='lat' dir='ltr'><strong>eumque</strong></span> <span class='ocrx_word' id='word_1_101' title='bbox 1140 1540 1323 1616; x_wconf 84' lang='lat' dir='ltr'><strong>magis</strong></span> <span class='ocrx_word' id='word_1_102' title='bbox 1344 1539 1571 1613; x_wconf 88' lang='lat' dir='ltr'><strong>milites,</strong></span> <span class='ocrx_word' id='word_1_103' title='bbox 1593 1538 1764 1617; x_wconf 69' lang='lat' dir='ltr'><strong>quam</strong></span> <span class='ocrx_word' id='word_1_104' title='bbox 1805 1538 1902 1615; x_wconf 91' lang='lat' dir='ltr'><strong>qui</strong></span> <span class='ocrx_word' id='word_1_105' title='bbox 1935 1558 2074 1616; x_wconf 80' lang='lat' dir='ltr'><strong>prae-</strong></span> 
     </span>
     <span class='ocr_line' id='line_1_15' title="bbox 284 1629 2068 1713; baseline 0.001 -24"><span class='ocrx_word' id='word_1_106' title='bbox 284 1641 465 1703; x_wconf 86' lang='lat' dir='ltr'><strong>erant,</strong></span> <span class='ocrx_word' id='word_1_107' title='bbox 513 1629 881 1713; x_wconf 84' lang='lat' dir='ltr'><strong>aspiciebant.</strong></span> <span class='ocrx_word' id='word_1_108' title='bbox 978 1629 1131 1713; x_wconf 78' lang='lat' dir='ltr'><strong>Quae</strong></span> <span class='ocrx_word' id='word_1_109' title='bbox 1205 1653 1296 1691; x_wconf 89' lang='lat' dir='ltr'><strong>res</strong></span> <span class='ocrx_word' id='word_1_110' title='bbox 1357 1635 1412 1693; x_wconf 91' lang='lat' dir='ltr'><strong>ei</strong></span> <span class='ocrx_word' id='word_1_111' title='bbox 1464 1635 1764 1692; x_wconf 84' lang='lat' dir='ltr'><strong>maturavit</strong></span> <span class='ocrx_word' id='word_1_112' title='bbox 1815 1646 2068 1692; x_wconf 88' lang='lat' dir='ltr'><strong>mortem.</strong></span> 
     </span>
     <span class='ocr_line' id='line_1_16' title="bbox 283 1724 2187 1805; baseline 0.002 -23"><span class='ocrx_word' id='word_1_113' title='bbox 283 1724 455 1797; x_wconf 90' lang='lat' dir='ltr'><strong>Nam,</strong></span> <span class='ocrx_word' id='word_1_114' title='bbox 478 1724 615 1782; x_wconf 89' lang='lat' dir='ltr'><strong>dum</strong></span> <span class='ocrx_word' id='word_1_115' title='bbox 640 1724 857 1801; x_wconf 89' lang='lat' dir='ltr'><strong>primus</strong></span> <span class='ocrx_word' id='word_1_116' title='bbox 878 1725 1069 1782; x_wconf 91' lang='lat' dir='ltr'><strong>studet</strong></span> <span class='ocrx_word' id='word_1_117' title='bbox 1093 1739 1316 1800; x_wconf 85' lang='lat' dir='ltr'><strong>portum</strong></span> <span class='ocrx_word' id='word_1_118' title='bbox 1364 1729 1595 1801; x_wconf 89' lang='lat' dir='ltr'><strong>intrare,</strong></span> <span class='ocrx_word' id='word_1_119' title='bbox 1642 1741 1699 1788; x_wconf 95' lang='lat' dir='ltr'><strong>et</strong></span> <span class='ocrx_word' id='word_1_120' title='bbox 1735 1728 2073 1805; x_wconf 85' lang='lat' dir='ltr'><strong>gubernato-</strong></span> <span class='ocrx_word' id='word_1_121' title='bbox 2115 1730 2187 1786; x_wconf 87' lang='lat'><strong>15</strong></span> 
     </span>
     <span class='ocr_line' id='line_1_17' title="bbox 283 1818 2067 1897; baseline 0.001 -19"><span class='ocrx_word' id='word_1_122' title='bbox 283 1840 404 1878; x_wconf 90' lang='lat' dir='ltr'><strong>rem</strong></span> <span class='ocrx_word' id='word_1_123' title='bbox 444 1820 608 1896; x_wconf 84' lang='lat' dir='ltr'><strong>jubet</strong></span> <span class='ocrx_word' id='word_1_124' title='bbox 651 1818 722 1876; x_wconf 77' lang='lat' dir='ltr'><strong>eo</strong></span> <span class='ocrx_word' id='word_1_125' title='bbox 767 1819 1013 1894; x_wconf 88' lang='lat' dir='ltr'><strong>dirigere</strong></span> <span class='ocrx_word' id='word_1_126' title='bbox 1060 1838 1287 1891; x_wconf 79' lang='lat' dir='ltr'><strong>navem,</strong></span> <span class='ocrx_word' id='word_1_127' title='bbox 1334 1820 1453 1896; x_wconf 86' lang='lat' dir='ltr'><strong>ipse</strong></span> <span class='ocrx_word' id='word_1_128' title='bbox 1495 1821 1603 1878; x_wconf 88' lang='lat' dir='ltr'><strong>sibi</strong></span> <span class='ocrx_word' id='word_1_129' title='bbox 1644 1822 1920 1897; x_wconf 87' lang='lat' dir='ltr'><strong>perniciei</strong></span> <span class='ocrx_word' id='word_1_130' title='bbox 1947 1823 2067 1881; x_wconf 80' lang='lat' dir='ltr'><strong>fuit.</strong></span> 
     </span>
     <span class='ocr_line' id='line_1_18' title="bbox 281 1911 2068 1991; baseline 0.001 -20"><span class='ocrx_word' id='word_1_131' title='bbox 281 1914 485 1977; x_wconf 76' lang='lat' dir='ltr'><strong>Quum</strong></span> <span class='ocrx_word' id='word_1_132' title='bbox 526 1913 681 1971; x_wconf 89' lang='lat' dir='ltr'><strong>enim</strong></span> <span class='ocrx_word' id='word_1_133' title='bbox 723 1911 793 1970; x_wconf 74' lang='grc' dir='ltr'>οό</span> <span class='ocrx_word' id='word_1_134' title='bbox 841 1913 1215 1991; x_wconf 67' lang='lat' dir='ltr'><strong>penetrasset,</strong></span> <span class='ocrx_word' id='word_1_135' title='bbox 1243 1924 1463 1970; x_wconf 80' lang='lat' dir='ltr'><strong>caeterae</strong></span> <span class='ocrx_word' id='word_1_136' title='bbox 1505 1934 1621 1972; x_wconf 89' lang='lat' dir='ltr'><strong>non</strong></span> <span class='ocrx_word' id='word_1_137' title='bbox 1663 1928 1798 1971; x_wconf 88' lang='lat' dir='ltr'><strong>sunt</strong></span> <span class='ocrx_word' id='word_1_138' title='bbox 1843 1929 2068 1974; x_wconf 80' lang='lat' dir='ltr'><strong>secutae.</strong></span> 
     </span>
     <span class='ocr_line' id='line_1_19' title="bbox 281 2007 2073 2083; baseline 0 -15"><span class='ocrx_word' id='word_1_139' title='bbox 281 2010 423 2073; x_wconf 75' lang='lat' dir='ltr'><strong>Quo</strong></span> <span class='ocrx_word' id='word_1_140' title='bbox 451 2009 600 2068; x_wconf 87' lang='lat' dir='ltr'><strong>facto</strong></span> <span class='ocrx_word' id='word_1_141' title='bbox 642 2008 1020 2067; x_wconf 87' lang='lat' dir='ltr'><strong>circumfusus</strong></span> <span class='ocrx_word' id='word_1_142' title='bbox 1060 2007 1308 2066; x_wconf 89' lang='lat' dir='ltr'><strong>hostium</strong></span> <span class='ocrx_word' id='word_1_143' title='bbox 1350 2013 1632 2065; x_wconf 83' lang='lat' dir='ltr'><strong>concursu</strong></span> <span class='ocrx_word' id='word_1_144' title='bbox 1679 2027 1852 2083; x_wconf 89' lang='lat' dir='ltr'><strong>quum</strong></span> <span class='ocrx_word' id='word_1_145' title='bbox 1894 2009 2073 2068; x_wconf 85' lang='lat' dir='ltr'><strong>fortis-</strong></span> 
     </span>
     <span class='ocr_line' id='line_1_20' title="bbox 281 2103 2065 2184; baseline -0.001 -19"><span class='ocrx_word' id='word_1_146' title='bbox 281 2105 426 2166; x_wconf 69' lang='lat' dir='ltr'><strong>sime</strong></span> <span class='ocrx_word' id='word_1_147' title='bbox 480 2117 777 2184; x_wconf 88' lang='lat' dir='ltr'><strong>pugnaret,</strong></span> <span class='ocrx_word' id='word_1_148' title='bbox 832 2103 1013 2177; x_wconf 86' lang='lat' dir='ltr'><strong>navis,</strong></span> <span class='ocrx_word' id='word_1_149' title='bbox 1067 2114 1246 2162; x_wconf 89' lang='lat' dir='ltr'><strong>rostro</strong></span> <span class='ocrx_word' id='word_1_150' title='bbox 1297 2122 1587 2180; x_wconf 89' lang='lat' dir='ltr'><strong>percussa,</strong></span> <span class='ocrx_word' id='word_1_151' title='bbox 1641 2103 1813 2180; x_wconf 85' lang='lat' dir='ltr'><strong>coepit</strong></span> <span class='ocrx_word' id='word_1_152' title='bbox 1865 2105 2065 2164; x_wconf 88' lang='lat' dir='ltr'><strong>sidere.</strong></span> 
     </span>
     <span class='ocr_line' id='line_1_21' title="bbox 281 2198 2183 2277; baseline 0 -17"><span class='ocrx_word' id='word_1_153' title='bbox 281 2202 440 2260; x_wconf 92' lang='lat' dir='ltr'><strong>Hinc</strong></span> <span class='ocrx_word' id='word_1_154' title='bbox 466 2202 726 2277; x_wconf 75' lang='lat' dir='ltr'><strong>refiigere</strong></span> <span class='ocrx_word' id='word_1_155' title='bbox 762 2218 937 2275; x_wconf 91' lang='lat' dir='ltr'><strong>quum</strong></span> <span class='ocrx_word' id='word_1_156' title='bbox 983 2210 1191 2275; x_wconf 87' lang='lat' dir='ltr'><strong>posset,</strong></span> <span class='ocrx_word' id='word_1_157' title='bbox 1242 2199 1292 2255; x_wconf 90' lang='lat' dir='ltr'><strong>si</strong></span> <span class='ocrx_word' id='word_1_158' title='bbox 1333 2218 1393 2255; x_wconf 90' lang='lat' dir='ltr'><strong>se</strong></span> <span class='ocrx_word' id='word_1_159' title='bbox 1442 2198 1501 2255; x_wconf 95' lang='lat' dir='ltr'><strong>in</strong></span> <span class='ocrx_word' id='word_1_160' title='bbox 1549 2218 1703 2257; x_wconf 89' lang='lat' dir='ltr'><strong>mare</strong></span> <span class='ocrx_word' id='word_1_161' title='bbox 1745 2199 2064 2276; x_wconf 85' lang='lat' dir='ltr'><strong>dejecisset,</strong></span> <span class='ocrx_word' id='word_1_162' title='bbox 2104 2203 2183 2259; x_wconf 72' lang='lat'><strong>20</strong></span> 
     </span>
     <span class='ocr_line' id='line_1_22' title="bbox 278 2291 2066 2375; baseline -0.001 -19"><span class='ocrx_word' id='word_1_163' title='bbox 278 2296 430 2375; x_wconf 75' lang='lat' dir='ltr'><strong>quod</strong></span> <span class='ocrx_word' id='word_1_164' title='bbox 458 2298 707 2356; x_wconf 87' lang='lat' dir='ltr'><strong>suberat.</strong></span> <span class='ocrx_word' id='word_1_165' title='bbox 729 2296 930 2354; x_wconf 85' lang='lat' dir='ltr'><strong>classis</strong></span> <span class='ocrx_word' id='word_1_166' title='bbox 963 2291 1426 2368; x_wconf 83' lang='lat' dir='ltr'><strong>Atheniensium,</strong></span> <span class='ocrx_word' id='word_1_167' title='bbox 1474 2314 1597 2369; x_wconf 82' lang='lat' dir='ltr'><strong>quae</strong></span> <span class='ocrx_word' id='word_1_168' title='bbox 1645 2295 1933 2373; x_wconf 89' lang='lat' dir='ltr'><strong>exciperet</strong></span> <span class='ocrx_word' id='word_1_169' title='bbox 1970 2316 2066 2355; x_wconf 90' lang='lat' dir='ltr'><strong>na·</strong></span> 
     </span>
     <span class='ocr_line' id='line_1_23' title="bbox 278 2389 2067 2470; baseline -0.001 -18"><span class='ocrx_word' id='word_1_170' title='bbox 278 2404 494 2452; x_wconf 88' lang='lat' dir='ltr'><strong>tantes:</strong></span> <span class='ocrx_word' id='word_1_171' title='bbox 534 2393 717 2470; x_wconf 90' lang='lat' dir='ltr'><strong>perire</strong></span> <span class='ocrx_word' id='word_1_172' title='bbox 745 2391 963 2463; x_wconf 84' lang='lat' dir='ltr'><strong>maluit,</strong></span> <span class='ocrx_word' id='word_1_173' title='bbox 986 2389 1157 2468; x_wconf 70' lang='lat' dir='ltr'><strong>quam</strong></span> <span class='ocrx_word' id='word_1_174' title='bbox 1186 2389 1355 2448; x_wconf 91' lang='lat' dir='ltr'><strong>armis</strong></span> <span class='ocrx_word' id='word_1_175' title='bbox 1384 2390 1621 2465; x_wconf 87' lang='lat' dir='ltr'><strong>abjectis</strong></span> <span class='ocrx_word' id='word_1_176' title='bbox 1669 2410 1872 2448; x_wconf 87' lang='lat' dir='ltr'><strong>navem</strong></span> <span class='ocrx_word' id='word_1_177' title='bbox 1899 2393 2067 2450; x_wconf 90' lang='lat' dir='ltr'><strong>relin-</strong></span> 
     </span>
     <span class='ocr_line' id='line_1_24' title="bbox 276 2484 2064 2563; baseline 0 -19"><span class='ocrx_word' id='word_1_178' title='bbox 276 2507 468 2563; x_wconf 89' lang='lat' dir='ltr'><strong>quere,</strong></span> <span class='ocrx_word' id='word_1_179' title='bbox 497 2488 556 2543; x_wconf 91' lang='lat' dir='ltr'><strong>in</strong></span> <span class='ocrx_word' id='word_1_180' title='bbox 584 2488 696 2561; x_wconf 72' lang='lat' dir='ltr'><strong>quii</strong></span> <span class='ocrx_word' id='word_1_181' title='bbox 723 2488 914 2556; x_wconf 48' lang='lat' dir='ltr'><strong>fuerat,</strong></span> <span class='ocrx_word' id='word_1_182' title='bbox 931 2497 1143 2542; x_wconf 87' lang='lat' dir='ltr'><strong>vectus.</strong></span> <span class='ocrx_word' id='word_1_183' title='bbox 1225 2484 1295 2541; x_wconf 93' lang='lat' dir='ltr'><strong>Id</strong></span> <span class='ocrx_word' id='word_1_184' title='bbox 1318 2484 1508 2541; x_wconf 83' lang='lat' dir='ltr'><strong>caeteri</strong></span> <span class='ocrx_word' id='word_1_185' title='bbox 1535 2485 1722 2541; x_wconf 87' lang='lat' dir='ltr'><strong>facere</strong></span> <span class='ocrx_word' id='word_1_186' title='bbox 1744 2486 2064 2557; x_wconf 89' lang='lat' dir='ltr'><strong>noluerunt,</strong></span> 
     </span>
     <span class='ocr_line' id='line_1_25' title="bbox 277 2577 2064 2656; baseline 0.001 -19"><span class='ocrx_word' id='word_1_187' title='bbox 277 2581 375 2656; x_wconf 91' lang='lat' dir='ltr'><strong>qui</strong></span> <span class='ocrx_word' id='word_1_188' title='bbox 395 2580 586 2637; x_wconf 90' lang='lat' dir='ltr'><strong>nando</strong></span> <span class='ocrx_word' id='word_1_189' title='bbox 634 2577 693 2635; x_wconf 92' lang='lat' dir='ltr'><strong>in</strong></span> <span class='ocrx_word' id='word_1_190' title='bbox 720 2590 905 2637; x_wconf 89' lang='lat' dir='ltr'><strong>tutum</strong></span> <span class='ocrx_word' id='word_1_191' title='bbox 923 2577 1328 2655; x_wconf 82' lang='lat' dir='ltr'><strong>pervenerunt.</strong></span> <span class='ocrx_word' id='word_1_192' title='bbox 1417 2579 1491 2637; x_wconf 89' lang='lat' dir='ltr'><strong>At</strong></span> <span class='ocrx_word' id='word_1_193' title='bbox 1519 2578 1612 2636; x_wconf 90' lang='lat' dir='ltr'><strong>ille</strong></span> <span class='ocrx_word' id='word_1_194' title='bbox 1639 2592 1904 2655; x_wconf 79' lang='lat' dir='ltr'><strong>praestare</strong></span> <span class='ocrx_word' id='word_1_195' title='bbox 1928 2581 2064 2639; x_wconf 91' lang='lat' dir='ltr'><strong>hon-</strong></span> 
     </span>
     <span class='ocr_line' id='line_1_26' title="bbox 268 2665 2176 2752; baseline 0.004 -24"><span class='ocrx_word' id='word_1_196' title='bbox 268 2686 460 2734; x_wconf 84' lang='lat' dir='ltr'><strong>estam</strong></span> <span class='ocrx_word' id='word_1_197' title='bbox 486 2685 721 2732; x_wconf 90' lang='lat' dir='ltr'><strong>mortem</strong></span> <span class='ocrx_word' id='word_1_198' title='bbox 747 2674 1079 2733; x_wconf 89' lang='lat' dir='ltr'><strong>existimans</strong></span> <span class='ocrx_word' id='word_1_199' title='bbox 1110 2674 1259 2750; x_wconf 91' lang='lat' dir='ltr'><strong>turpi</strong></span> <span class='ocrx_word' id='word_1_200' title='bbox 1302 2673 1448 2743; x_wconf 68' lang='lat' dir='ltr'><strong>vitm,</strong></span> <span class='ocrx_word' id='word_1_201' title='bbox 1494 2665 1752 2733; x_wconf 89' lang='lat' dir='ltr'><strong>cominus</strong></span> <span class='ocrx_word' id='word_1_202' title='bbox 1797 2695 2059 2752; x_wconf 88' lang='lat' dir='ltr'><strong>pugnans</strong></span> <span class='ocrx_word' id='word_1_203' title='bbox 2098 2679 2176 2735; x_wconf 78' lang='lat'><strong>25</strong></span> 
     </span>
     <span class='ocr_line' id='line_1_27' title="bbox 280 2769 1161 2830; baseline -0.003 0"><span class='ocrx_word' id='word_1_204' title='bbox 280 2769 411 2830; x_wconf 89' lang='lat' dir='ltr'><strong>telis</strong></span> <span class='ocrx_word' id='word_1_205' title='bbox 438 2770 682 2827; x_wconf 90' lang='lat' dir='ltr'><strong>hostium</strong></span> <span class='ocrx_word' id='word_1_206' title='bbox 704 2769 1040 2829; x_wconf 79' lang='lat' dir='ltr'><strong>interfectus</strong></span> <span class='ocrx_word' id='word_1_207' title='bbox 1060 2782 1161 2828; x_wconf 85' lang='lat' dir='ltr'><strong>est.</strong></span> 
     </span>
    </p>
   </div>
   <div class='ocr_carea' id='block_1_3' title="bbox 2124 568 2149 595">
    <p class='ocr_par' dir='ltr' id='par_1_4' title="bbox 2124 568 2149 595">
     <span class='ocr_line' id='line_1_28' title="bbox 2124 568 2149 595; baseline 0 0"><span class='ocrx_word' id='word_1_208' title='bbox 2124 568 2149 595; x_wconf 63' lang='grc' dir='ltr'><strong>ἱ»</strong></span> 
     </span>
    </p>
   </div>
   <div class='ocr_carea' id='block_1_4' title="bbox 714 3129 1668 3238">
    <p class='ocr_par' dir='ltr' id='par_1_5' title="bbox 714 3129 1668 3238">
     <span class='ocr_line' id='line_1_29' title="bbox 714 3129 1668 3238; baseline -0.004 -11"><span class='ocrx_word' id='word_1_209' title='bbox 714 3169 901 3227; x_wconf 78' lang='lat' dir='ltr'><strong>xm.</strong></span> <span class='ocrx_word' id='word_1_210' title='bbox 983 3170 1039 3228; x_wconf 89' lang='lat' dir='ltr'>T</span> <span class='ocrx_word' id='word_1_211' title='bbox 1064 3170 1092 3227; x_wconf 92' lang='lat'>1</span> <span class='ocrx_word' id='word_1_212' title='bbox 1116 3129 1259 3238; x_wconf 54' lang='grc' dir='ltr'><strong>Μ’,ο</strong></span> <span class='ocrx_word' id='word_1_213' title='bbox 1282 3135 1420 3228; x_wconf 78' lang='grc' dir='ltr'><strong>ΤἨ</strong></span> <span class='ocrx_word' id='word_1_214' title='bbox 1444 3171 1492 3228; x_wconf 85' lang='grc' dir='ltr'>Ε</span> <span class='ocrx_word' id='word_1_215' title='bbox 1516 3170 1567 3229; x_wconf 87' lang='lat' dir='ltr'>U</span> <span class='ocrx_word' id='word_1_216' title='bbox 1592 3171 1668 3228; x_wconf 86' lang='lat' dir='ltr'><strong>s.</strong></span> 
     </span>
    </p>
   </div>
   <div class='ocr_carea' id='block_1_5' title="bbox 279 3321 2055 3517">
    <p class='ocr_par' dir='ltr' id='par_1_6' title="bbox 279 3321 2055 3517">
     <span class='ocr_line' id='line_1_30' title="bbox 358 3321 2055 3422; baseline 0.001 -19"><span class='ocrx_word' id='word_1_217' title='bbox 358 3345 404 3403; x_wconf 92' lang='grc' dir='ltr'><strong>Ι.</strong></span> <span class='ocrx_word' id='word_1_218' title='bbox 500 3344 837 3418; x_wconf 79' lang='lat' dir='ltr'><strong>Timotheus,</strong></span> <span class='ocrx_word' id='word_1_219' title='bbox 886 3321 1124 3403; x_wconf 83' lang='lat' dir='ltr'><strong>Cononis</strong></span> <span class='ocrx_word' id='word_1_220' title='bbox 1148 3345 1337 3422; x_wconf 81' lang='lat' dir='ltr'><strong>filius,</strong></span> <span class='ocrx_word' id='word_1_221' title='bbox 1381 3345 1754 3404; x_wconf 75' lang='lat' dir='ltr'><strong>Atheniensis.</strong></span> <span class='ocrx_word' id='word_1_222' title='bbox 1853 3346 1968 3404; x_wconf 93' lang='lat' dir='ltr'><strong>Hic</strong></span> <span class='ocrx_word' id='word_1_223' title='bbox 2020 3366 2055 3404; x_wconf 88' lang='lat' dir='ltr'><strong>a</strong></span> 
     </span>
     <span class='ocr_line' id='line_1_31' title="bbox 279 3439 2052 3517; baseline -0.001 -19"><span class='ocrx_word' id='word_1_224' title='bbox 279 3452 434 3517; x_wconf 87' lang='lat' dir='ltr'><strong>patre</strong></span> <span class='ocrx_word' id='word_1_225' title='bbox 479 3453 770 3517; x_wconf 86' lang='lat' dir='ltr'><strong>acceptam</strong></span> <span class='ocrx_word' id='word_1_226' title='bbox 813 3439 1049 3517; x_wconf 88' lang='lat' dir='ltr'><strong>gloriam</strong></span> <span class='ocrx_word' id='word_1_227' title='bbox 1091 3441 1283 3499; x_wconf 90' lang='lat' dir='ltr'><strong>multis</strong></span> <span class='ocrx_word' id='word_1_228' title='bbox 1326 3440 1479 3499; x_wconf 90' lang='lat' dir='ltr'><strong>auxit</strong></span> <span class='ocrx_word' id='word_1_229' title='bbox 1525 3441 1835 3500; x_wconf 87' lang='lat' dir='ltr'><strong>virtutibus.</strong></span> <span class='ocrx_word' id='word_1_230' title='bbox 1918 3441 2052 3499; x_wconf 90' lang='lat' dir='ltr'><strong>Fuit</strong></span> 
     </span>
    </p>
   </div>
  </div>
 </body>
</html>
