2492 4207
342 198 421 256 44
1183 226 1192 229 ’
1263 202 1450 252 DION.

536 368 614 425 V.·
687 366 991 443 Postquam
1044 364 1389 424 Corinthum
1428 363 1686 439 pervenit
1726 361 1899 434 Dion,
1940 372 2000 419 et
2054 361 2261 421 eodem

456 460 701 540 perfugit
740 461 1101 533 Heraclides,
1145 460 1217 518 ab
1258 461 1459 519 eodem
1513 460 1781 535 expulsus
1822 457 2122 534 Dionysi0‚
2164 459 2260 534 qui

447 547 758 636 ‘praefleotus
799 559 983 616 fuerat
1023 557 1297 633 equitum,
1319 548 1477 615 omni
1517 555 1734 615 ratione
1775 556 1989 612 bellum
2032 574 2260 632 compa-

455 673 580 713 rare
621 666 932 731 coeperunt.
1070 654 1184 710 Sed
1226 672 1343 711 non
1385 651 1627 711 multum
1666 652 2063 729 proficiebant,
2096 650 2255 727 quod

376 753 415 809 5
453 751 759 809 multorum
782 768 1058 809 annorum
1079 748 1338 824 tyrannis
1365 767 1703 825 magnarum
1730 767 1903 824 opum
1929 747 2250 824 putabatur.

451 848 647 910 Quam
673 848 746 906 ob
775 860 1010 905 causam
1033 845 1205 922 pauci
1234 845 1305 902 ad
1335 845 1666 904 societatem
1696 832 1942 918 'periculi
1982 845 2255 920 perduce-

453 942 673 1003 bantur.
795 943 910 1000 Sed
953 940 1124 1023 Dion‘
1150 941 1329 999 fretus
1370 961 1486 998 non
1528 951 1643 1000 tam
1684 939 1804 997 suis
1844 939 2043 1016 copiiS,
2084 937 2253 1014 quam

381 1075 387 1081 -
451 1042 583 1100 odio
620 1038 866 1116 tyranni,
900 1037 1148 1096 maximo
1183 1037 1401 1112 animo,
1432 1038 1654 1095 d'uabus
1680 1036 1957 1095 onerariis
1993 1036 2253 1108 navibus,

436 1124 861 1213 ,quinquaginta
901 1152 1182 1193 annorum
1222 1133 1544 1211 imperium,
1597 1133 1882 1191 munitum
1929 1132 2255 1209 quingentis

340 1235 412 1292 10
450 1234 635 1309 longis
650 1231 910 1305 navibus,
930 1233 1132 1290 decern
1156 1231 1432 1308 equitum,
1453 1225 1967 1308 centumpeditum
1983 1229 2250 1302 millibus,

453 1328 740 1405 profectus
774 1338 1185 1404 oppugnatum,
1219 1327 1397 1405 (quod
1424 1326 1691 1387 omnibus
1718 1326 1986 1403 gentibus
2015 1327 2251 1383 admira·

448 1425 561 1482 bile
587 1436 674 1482 est
700 1423 910 1502 visum)
943 1422 1087 1482 adeo
1117 1423 1289 1481 facile
1327 1423 1591 1499 perculit,
1612 1435 1676 1481 ut
1697 1434 1825 1498 post
1848 1423 2001 1480 diem
2022 1423 2257 1482 tertium*

445 1519 614 1596 quam
659 1520 917 1578 Siciliam
960 1520 1242 1596 attigerat,
1274 1520 1590 1595 Syracusas
1618 1519 1916 1578 introierit.
2014 1520 2106 1577 Ex
2145 1539 2251 1596 quo

448 1617 690 1694 intelligi
736 1628 939 1694 potest,
982 1618 1202 1674 nullum
1243 1635 1370 1674 esse
1412 1615 1712 1690 imperium
1755 1628 1960 1690 tutum,
2001 1616 2115 1674 nisi
2159 1617 2251 1674 be-

337 1716 410 1771 15
448 1713 772 1772 nevolentia
812 1713 1112 1772 munitum.
1196 1713 1286 1771 Eo
1324 1723 1578 1788 tempore
1610 1714 1806 1771 aberat
1833 1713 2163 1788 DionysiUS,
2193 1725 2251 1770 et

447 1810 507 1867 in
567 1809 739 1868 Italia
801 1811 1043 1868 classem
1105 1809 1526 1885 opperiebatur,
1584 1809 2032 1868 adversariorum
2093 1821 2250 1867 ratus

446 1907 737 1964 neminem
777 1907 901 1964 sine
941 1907 1167 1983 magnis
1207 1906 1389 1982 copiis
1419 1907 1490 1964 ad
1533 1926 1593 1963 se
1621 1918 1963 1964 venturum:
2005 1925 2131 1981 quae
2160 1925 2247 1963 res

446 2020 578 2058 eum
618 2002 832 2058 fefellit.
915 2001 1069 2058 Nam
1117 2001 1272 2060 Dion
1324 2002 1394 2058 iis
1442 2001 1599 2078 ipsis,
1650 2001 1747 2077 qui
1794 2002 1921 2059 sub‘
1945 2002 2246 2060 adversarii

447 2098 672 2153 fuerant
724 2107 1023 2171 potestate,
1078 2096 1266 2173 regios
1327 2097 1558 2173 spiritus
1627 2098 1909 2176 repressit,
1965 2098 2247 2175 totiusque

233 2183 235 2187 ⁸
328 2193 406 2249 20
445 2192 568 2267 ejus
594 2191 771 2267 partis
799 2192 1012 2249 Siciliae
1040 2192 1252 2268 potitus
1281 2206 1388 2268 est,
1417 2214 1542 2269 quae
1586 2196 1691 2253 sub
1716 2205 1991 2271 potestate
2033 2194 2248 2271 Diony-

443 2288 513 2346 sii
561 2288 777 2358 fuerat3
839 2288 1072 2364 parique
1127 2290 1297 2349 modo
1345 2292 1502 2348 urbis
1559 2292 1988 2367 Syracusarum,
2044 2304 2247 2367 praeter

446 2404 632 2443 arcem
662 2397 721 2445 et
749 2385 995 2443 insulam
1022 2386 1352 2462 adjunctam
1373 2387 1581 2464 oppido
1605 2409 1618 2458 3
1661 2387 1842 2463 eoque
1863 2407 1984 2445 rem
2006 2390 2245 2465 perdux-

444 2484 505 2556 it,
530 2495 592 2540 ut
619 2482 829 2540 talibus
855 2483 1216 2559 pactionibus
1240 2473 1443 2561 pacem
1488 2497 1765 2560 tyrannus
1805 2485 1993 2542 facere
2034 2486 2202 2543 vellet
2231 2505 2242 2541 ε

445 2579 709 2634 Siciliam
736 2579 901 2654 Dion
929 2580 1218 2653 obtineret,
1249 2581 1489 2638 Italiam
1530 2574 1877 2657 Dionysius,
1920 2581 2241 2657 Syracusas

326 2669 405 2731 25
444 2672 868 2750 Apollocrates,
891 2675 987 2731 cui
1009 2675 1318 2733 maximam
1341 2678 1513 2734 fidem
1540 2676 1642 2733 uni
1672 2678 1932 2735 habebat.

519 2769 624 2826 VI.
709 2769 832 2827 Has
861 2781 974 2826 tam
997 2791 1297 2847 prosperas
1324 2784 1551 2848 tamque
1582 2771 1904 2848 inopinatas
1931 2792 2024 2830 res
2052 2791 2243 2831 conse-

373 2936 382 2942 „
441 2879 577 2925 cuta
602 2878 689 2926 est
717 2866 905 2925 subita
932 2869 1318 2943 commutatio,
1343 2868 1751 2945 quod‘fortuna
1779 2869 1883 2926 sua
1910 2869 2242 2941 mobilitate,

441 2982 610 3037 quem
636 2961 807 3039 paulo
838 2963 971 3021 ante
1000 2967 1296 3040 extulerat,
1327 2968 1657 3042 demergere
1686 2978 1773 3024 est
1802 2967 2015 3024 adorta.
2124 2966 2243 3024 Pri-

443 3054 599 3113 mum
654 3058 713 3116 in
768 3060 903 3131 filio,
953 3061 1024 3117 de
1072 3082 1183 3136 quo
1231 3063 1670 3121 commemoravi
1725 3061 1916 3138 supra,
1969 3062 2241 3121 saevitiam

328 3155 405 3213 30
445 3172 608 3211 suam
661 3156 932 3215 exercuit.
1015 3156 1168 3214 Nam
1221 3179 1395 3234 quum
1443 3178 1676 3217 uxorem
1726 3148 2071 3231 reduxisset,
2120 3178 2241 3234 quae

445 3250 540 3308 alii
582 3250 764 3309 fuerat
802 3254 1027 3326 tradita,
1057 3254 1347 3330 filiumque
1375 3256 1542 3312 vellet
1568 3274 1834 3332 revocare
1878 3255 1950 3311 ad
1979 3255 2241 3313 virtutem

446 3363 482 3405 a
516 3339 740 3423 perdita
777 3348 1022 3423 luxuria,
1066 3352 1289 3428 accepit
1342 3351 1734 3427 gravissimum
1787 3370 1997 3426 parens
2039 3352 2244 3410 vulnus

444 3455 623 3503 morte
651 3442 768 3501 filii.
877 3445 1103 3503 Deinde
1131 3458 1255 3505 orta
1282 3447 1560 3505 dissensio
1586 3459 1673 3505 est
1701 3447 1849 3505 inter
1878 3466 2011 3505 eum
2039 3459 2098 3506 et
2126 3447 2243 3503 He·
