<?xml version="1.0" encoding="UTF-8"?>
<!DOCTYPE html PUBLIC "-//W3C//DTD XHTML 1.0 Transitional//EN"
    "http://www.w3.org/TR/xhtml1/DTD/xhtml1-transitional.dtd">
<html xmlns="http://www.w3.org/1999/xhtml" xml:lang="en" lang="en">
 <head>
  <title>
</title>
<meta http-equiv="Content-Type" content="text/html;charset=utf-8" />
  <meta name='ocr-system' content='tesseract 3.04.00' />
  <meta name='ocr-capabilities' content='ocr_page ocr_carea ocr_par ocr_line ocrx_word'/>
</head>
<body>
  <div class='ocr_page' id='page_1' title='image "./devitaexcellent00haywgoog_0035.png"; bbox 0 0 2492 4207; ppageno 0'>
   <div class='ocr_carea' id='block_1_1' title="bbox 941 248 2154 306">
    <p class='ocr_par' dir='ltr' id='par_1_1' title="bbox 941 248 2154 306">
     <span class='ocr_line' id='line_1_1' title="bbox 941 248 2154 306; baseline 0.003 -4"><span class='ocrx_word' id='word_1_1' title='bbox 941 251 1337 302; x_wconf 81' lang='lat' dir='ltr'><strong>LYSANDER.</strong></span> <span class='ocrx_word' id='word_1_2' title='bbox 2077 248 2154 306; x_wconf 73' lang='lat'><strong>25</strong></span> 
     </span>
    </p>
   </div>
   <div class='ocr_carea' id='block_1_2' title="bbox 187 411 2166 1638">
    <p class='ocr_par' dir='ltr' id='par_1_2' title="bbox 248 411 2043 665">
     <span class='ocr_line' id='line_1_2' title="bbox 253 411 2042 489; baseline 0.002 -20"><span class='ocrx_word' id='word_1_3' title='bbox 253 411 468 471; x_wconf 88' lang='lat' dir='ltr'><strong>Horum</strong></span> <span class='ocrx_word' id='word_1_4' title='bbox 515 412 575 470; x_wconf 90' lang='lat' dir='ltr'><strong>in</strong></span> <span class='ocrx_word' id='word_1_5' title='bbox 631 429 932 470; x_wconf 87' lang='lat' dir='ltr'><strong>numerum</strong></span> <span class='ocrx_word' id='word_1_6' title='bbox 974 430 1145 470; x_wconf 91' lang='lat' dir='ltr'><strong>nemo</strong></span> <span class='ocrx_word' id='word_1_7' title='bbox 1191 411 1611 487; x_wconf 77' lang='lat' dir='ltr'><strong>admittebatur,</strong></span> <span class='ocrx_word' id='word_1_8' title='bbox 1652 413 1765 471; x_wconf 84' lang='lat' dir='ltr'><strong>nisi</strong></span> <span class='ocrx_word' id='word_1_9' title='bbox 1805 413 1902 489; x_wconf 90' lang='lat' dir='ltr'><strong>qui</strong></span> <span class='ocrx_word' id='word_1_10' title='bbox 1945 426 2042 473; x_wconf 85' lang='lat' dir='ltr'><strong>aut</strong></span> 
     </span>
     <span class='ocr_line' id='line_1_3' title="bbox 249 508 2043 589; baseline 0 -22"><span class='ocrx_word' id='word_1_11' title='bbox 249 510 368 589; x_wconf 85' lang='lat' dir='ltr'><strong>ejus</strong></span> <span class='ocrx_word' id='word_1_12' title='bbox 407 508 653 586; x_wconf 86' lang='lat' dir='ltr'><strong>hospitio</strong></span> <span class='ocrx_word' id='word_1_13' title='bbox 692 509 1098 583; x_wconf 82' lang='lat' dir='ltr'><strong>contineretur,</strong></span> <span class='ocrx_word' id='word_1_14' title='bbox 1140 519 1240 567; x_wconf 91' lang='lat' dir='ltr'><strong>aut</strong></span> <span class='ocrx_word' id='word_1_15' title='bbox 1280 526 1340 566; x_wconf 85' lang='lat' dir='ltr'><strong>se</strong></span> <span class='ocrx_word' id='word_1_16' title='bbox 1381 508 1533 568; x_wconf 85' lang='lat' dir='ltr'><strong>illius</strong></span> <span class='ocrx_word' id='word_1_17' title='bbox 1578 511 1695 569; x_wconf 84' lang='lat' dir='ltr'><strong>fore</strong></span> <span class='ocrx_word' id='word_1_18' title='bbox 1754 511 2043 587; x_wconf 89' lang='lat' dir='ltr'><strong>proprium</strong></span> 
     </span>
     <span class='ocr_line' id='line_1_4' title="bbox 248 605 764 665; baseline -0.002 -1"><span class='ocrx_word' id='word_1_19' title='bbox 248 606 358 664; x_wconf 87' lang='lat' dir='ltr'><strong>fide</strong></span> <span class='ocrx_word' id='word_1_20' title='bbox 385 605 764 665; x_wconf 68' lang='lat' dir='ltr'><strong>confirmarat.</strong></span> 
     </span>
    </p>

    <p class='ocr_par' dir='ltr' id='par_1_3' title="bbox 187 699 2166 1638">
     <span class='ocr_line' id='line_1_5' title="bbox 323 699 2044 776; baseline 0.002 -18"><span class='ocrx_word' id='word_1_21' title='bbox 323 701 407 759; x_wconf 94' lang='lat' dir='ltr'><strong>II.</strong></span> <span class='ocrx_word' id='word_1_22' title='bbox 490 700 583 759; x_wconf 90' lang='lat' dir='ltr'><strong>Ita</strong></span> <span class='ocrx_word' id='word_1_23' title='bbox 632 700 998 759; x_wconf 86' lang='lat' dir='ltr'><strong>decemvirali</strong></span> <span class='ocrx_word' id='word_1_24' title='bbox 1047 711 1325 776; x_wconf 82' lang='lat' dir='ltr'><strong>potestate</strong></span> <span class='ocrx_word' id='word_1_25' title='bbox 1379 700 1440 758; x_wconf 92' lang='lat' dir='ltr'><strong>in</strong></span> <span class='ocrx_word' id='word_1_26' title='bbox 1493 699 1756 759; x_wconf 87' lang='lat' dir='ltr'><strong>omnibus</strong></span> <span class='ocrx_word' id='word_1_27' title='bbox 1807 702 2044 761; x_wconf 82' lang='lat' dir='ltr'>urbibus</span> 
     </span>
     <span class='ocr_line' id='line_1_6' title="bbox 187 795 2122 874; baseline 0 -17"><span class='ocrx_word' id='word_1_28' title='bbox 187 823 198 837; x_wconf 94' lang='lat'><strong>·</strong></span> <span class='ocrx_word' id='word_1_29' title='bbox 249 796 579 870; x_wconf 69' lang='lat' dir='ltr'><strong>constituta,</strong></span> <span class='ocrx_word' id='word_1_30' title='bbox 630 797 806 874; x_wconf 88' lang='lat' dir='ltr'><strong>ipsius</strong></span> <span class='ocrx_word' id='word_1_31' title='bbox 852 809 997 855; x_wconf 87' lang='lat' dir='ltr'><strong>nutu</strong></span> <span class='ocrx_word' id='word_1_32' title='bbox 1039 795 1233 855; x_wconf 89' lang='lat' dir='ltr'><strong>omnia</strong></span> <span class='ocrx_word' id='word_1_33' title='bbox 1273 796 1637 873; x_wconf 82' lang='lat' dir='ltr'><strong>gerebantur.</strong></span> <span class='ocrx_word' id='word_1_34' title='bbox 1742 797 1924 874; x_wconf 84' lang='lat' dir='ltr'><strong>Cujus</strong></span> <span class='ocrx_word' id='word_1_35' title='bbox 1971 799 2044 857; x_wconf 94' lang='lat' dir='ltr'><strong>de</strong></span> <span class='ocrx_word' id='word_1_36' title='bbox 2082 801 2122 857; x_wconf 87' lang='lat'><strong>5</strong></span> 
     </span>
     <span class='ocr_line' id='line_1_7' title="bbox 248 887 2046 971; baseline 0.001 -20"><span class='ocrx_word' id='word_1_37' title='bbox 248 887 586 951; x_wconf 86' lang='lat' dir='ltr'><strong>crudelitate</strong></span> <span class='ocrx_word' id='word_1_38' title='bbox 632 912 701 950; x_wconf 88' lang='lat' dir='ltr'><strong>ac</strong></span> <span class='ocrx_word' id='word_1_39' title='bbox 746 892 987 969; x_wconf 70' lang='lat' dir='ltr'><strong>perfidia</strong></span> <span class='ocrx_word' id='word_1_40' title='bbox 1040 889 1179 950; x_wconf 78' lang='lat' dir='ltr'><strong>satis</strong></span> <span class='ocrx_word' id='word_1_41' title='bbox 1228 903 1338 965; x_wconf 85' lang='lat' dir='ltr'><strong>est,</strong></span> <span class='ocrx_word' id='word_1_42' title='bbox 1391 910 1567 950; x_wconf 88' lang='lat' dir='ltr'><strong>unam</strong></span> <span class='ocrx_word' id='word_1_43' title='bbox 1614 911 1756 966; x_wconf 90' lang='lat' dir='ltr'><strong>rem,</strong></span> <span class='ocrx_word' id='word_1_44' title='bbox 1803 893 2046 971; x_wconf 86' lang='lat' dir='ltr'><strong>exempli</strong></span> 
     </span>
     <span class='ocr_line' id='line_1_8' title="bbox 246 988 2049 1066; baseline 0.002 -20"><span class='ocrx_word' id='word_1_45' title='bbox 246 988 451 1066; x_wconf 70' lang='lat' dir='ltr'><strong>gratia,</strong></span> <span class='ocrx_word' id='word_1_46' title='bbox 479 989 748 1065; x_wconf 89' lang='lat' dir='ltr'><strong>proferre,</strong></span> <span class='ocrx_word' id='word_1_47' title='bbox 777 1008 852 1047; x_wconf 88' lang='lat' dir='ltr'><strong>ne</strong></span> <span class='ocrx_word' id='word_1_48' title='bbox 880 990 953 1046; x_wconf 91' lang='lat' dir='ltr'><strong>de</strong></span> <span class='ocrx_word' id='word_1_49' title='bbox 981 989 1182 1047; x_wconf 92' lang='lat' dir='ltr'><strong>eodem</strong></span> <span class='ocrx_word' id='word_1_50' title='bbox 1207 988 1374 1064; x_wconf 89' lang='lat' dir='ltr'><strong>plura</strong></span> <span class='ocrx_word' id='word_1_51' title='bbox 1418 989 1811 1048; x_wconf 90' lang='lat' dir='ltr'><strong>enumerando</strong></span> <span class='ocrx_word' id='word_1_52' title='bbox 1852 989 2049 1049; x_wconf 87' lang='lat' dir='ltr'><strong>defati-</strong></span> 
     </span>
     <span class='ocr_line' id='line_1_9' title="bbox 245 1082 2049 1167; baseline 0.001 -25"><span class='ocrx_word' id='word_1_53' title='bbox 245 1102 448 1161; x_wconf 83' lang='lat' dir='ltr'><strong>gemus</strong></span> <span class='ocrx_word' id='word_1_54' title='bbox 492 1083 1063 1167; x_wconf 86' lang='lat' dir='ltr'><strong>lectorem.—-Victor</strong></span> <span class='ocrx_word' id='word_1_55' title='bbox 1115 1103 1188 1142; x_wconf 85' lang='lat' dir='ltr'><strong>ex</strong></span> <span class='ocrx_word' id='word_1_56' title='bbox 1236 1082 1384 1142; x_wconf 66' lang='lat' dir='ltr'><strong>Asia</strong></span> <span class='ocrx_word' id='word_1_57' title='bbox 1435 1104 1610 1160; x_wconf 89' lang='lat' dir='ltr'><strong>quum</strong></span> <span class='ocrx_word' id='word_1_58' title='bbox 1656 1095 2049 1159; x_wconf 80' lang='lat' dir='ltr'><strong>reverteretur,</strong></span> 
     </span>
     <span class='ocr_line' id='line_1_10' title="bbox 247 1178 2050 1258; baseline 0.001 -20"><span class='ocrx_word' id='word_1_59' title='bbox 247 1179 618 1256; x_wconf 88' lang='lat' dir='ltr'><strong>Thasumque</strong></span> <span class='ocrx_word' id='word_1_60' title='bbox 655 1180 1012 1253; x_wconf 84' lang='lat' dir='ltr'><strong>devertisset,</strong></span> <span class='ocrx_word' id='word_1_61' title='bbox 1055 1178 1208 1257; x_wconf 73' lang='lat' dir='ltr'><strong>quod</strong></span> <span class='ocrx_word' id='word_1_62' title='bbox 1252 1198 1324 1237; x_wconf 90' lang='lat' dir='ltr'><strong>ea</strong></span> <span class='ocrx_word' id='word_1_63' title='bbox 1365 1179 1566 1240; x_wconf 85' lang='lat' dir='ltr'><strong>civitas</strong></span> <span class='ocrx_word' id='word_1_64' title='bbox 1606 1180 1897 1258; x_wconf 65' lang='lat' dir='ltr'><strong>praecipua</strong></span> <span class='ocrx_word' id='word_1_65' title='bbox 1938 1181 2050 1240; x_wconf 88' lang='lat' dir='ltr'><strong>fide</strong></span> 
     </span>
     <span class='ocr_line' id='line_1_11' title="bbox 247 1274 2166 1353; baseline 0.001 -20"><span class='ocrx_word' id='word_1_66' title='bbox 247 1276 431 1335; x_wconf 86' lang='lat' dir='ltr'><strong>fuerat</strong></span> <span class='ocrx_word' id='word_1_67' title='bbox 472 1294 611 1353; x_wconf 89' lang='lat' dir='ltr'><strong>erga</strong></span> <span class='ocrx_word' id='word_1_68' title='bbox 637 1275 1047 1349; x_wconf 69' lang='lat' dir='ltr'><strong>Athenienses,</strong></span> <span class='ocrx_word' id='word_1_69' title='bbox 1074 1274 1314 1352; x_wconf 89' lang='lat' dir='ltr'><strong>proinde</strong></span> <span class='ocrx_word' id='word_1_70' title='bbox 1344 1295 1412 1334; x_wconf 92' lang='lat' dir='ltr'><strong>ac</strong></span> <span class='ocrx_word' id='word_1_71' title='bbox 1439 1276 1486 1334; x_wconf 85' lang='lat' dir='ltr'><strong>si</strong></span> <span class='ocrx_word' id='word_1_72' title='bbox 1525 1276 1699 1334; x_wconf 91' lang='lat' dir='ltr'><strong>iidem</strong></span> <span class='ocrx_word' id='word_1_73' title='bbox 1741 1276 2051 1335; x_wconf 84' lang='lat' dir='ltr'><strong>firmissimi</strong></span> <span class='ocrx_word' id='word_1_74' title='bbox 2096 1278 2166 1335; x_wconf 85' lang='lat'><strong>1⁰</strong></span> 
     </span>
     <span class='ocr_line' id='line_1_12' title="bbox 244 1371 2051 1448; baseline -0.001 -16"><span class='ocrx_word' id='word_1_75' title='bbox 244 1373 491 1432; x_wconf 77' lang='lat' dir='ltr'><strong>solerent</strong></span> <span class='ocrx_word' id='word_1_76' title='bbox 516 1392 643 1431; x_wconf 89' lang='lat' dir='ltr'><strong>esse</strong></span> <span class='ocrx_word' id='word_1_77' title='bbox 673 1372 864 1446; x_wconf 90' lang='lat' dir='ltr'><strong>amici,</strong></span> <span class='ocrx_word' id='word_1_78' title='bbox 892 1372 989 1448; x_wconf 91' lang='lat' dir='ltr'><strong>qui</strong></span> <span class='ocrx_word' id='word_1_79' title='bbox 1017 1384 1348 1431; x_wconf 82' lang='lat' dir='ltr'><strong>constantes</strong></span> <span class='ocrx_word' id='word_1_80' title='bbox 1376 1371 1617 1431; x_wconf 87' lang='lat' dir='ltr'><strong>fuissent</strong></span> <span class='ocrx_word' id='word_1_81' title='bbox 1655 1372 1895 1446; x_wconf 90' lang='lat' dir='ltr'><strong>inimici,</strong></span> <span class='ocrx_word' id='word_1_82' title='bbox 1924 1392 2051 1431; x_wconf 89' lang='lat' dir='ltr'><strong>eam</strong></span> 
     </span>
     <span class='ocr_line' id='line_1_13' title="bbox 243 1467 2052 1546; baseline 0.001 -20"><span class='ocrx_word' id='word_1_83' title='bbox 243 1480 563 1544; x_wconf 86' lang='lat' dir='ltr'><strong>pervertere</strong></span> <span class='ocrx_word' id='word_1_84' title='bbox 586 1468 926 1546; x_wconf 90' lang='lat' dir='ltr'><strong>concupivit.</strong></span> <span class='ocrx_word' id='word_1_85' title='bbox 983 1467 1147 1527; x_wconf 89' lang='lat' dir='ltr'><strong>Vidit</strong></span> <span class='ocrx_word' id='word_1_86' title='bbox 1170 1480 1383 1541; x_wconf 86' lang='lat' dir='ltr'><strong>autem,</strong></span> <span class='ocrx_word' id='word_1_87' title='bbox 1404 1467 1517 1525; x_wconf 91' lang='lat' dir='ltr'><strong>nisi</strong></span> <span class='ocrx_word' id='word_1_88' title='bbox 1539 1467 1599 1524; x_wconf 94' lang='lat' dir='ltr'><strong>in</strong></span> <span class='ocrx_word' id='word_1_89' title='bbox 1620 1487 1690 1531; x_wconf 89' lang='lat' dir='ltr'><strong>eo</strong></span> <span class='ocrx_word' id='word_1_90' title='bbox 1708 1467 2052 1527; x_wconf 66' lang='lat' dir='ltr'><strong>occultasset</strong></span> 
     </span>
     <span class='ocr_line' id='line_1_14' title="bbox 243 1563 2051 1638; baseline 0.002 -20"><span class='ocrx_word' id='word_1_91' title='bbox 243 1566 612 1638; x_wconf 87' lang='lat' dir='ltr'><strong>voluntatem,</strong></span> <span class='ocrx_word' id='word_1_92' title='bbox 663 1565 934 1637; x_wconf 90' lang='lat' dir='ltr'><strong>futurum,</strong></span> <span class='ocrx_word' id='word_1_93' title='bbox 986 1575 1051 1622; x_wconf 93' lang='lat' dir='ltr'><strong>ut</strong></span> <span class='ocrx_word' id='word_1_94' title='bbox 1090 1563 1299 1622; x_wconf 87' lang='lat' dir='ltr'><strong>Thasii</strong></span> <span class='ocrx_word' id='word_1_95' title='bbox 1342 1563 1749 1636; x_wconf 86' lang='lat' dir='ltr'><strong>dilaberentur,</strong></span> <span class='ocrx_word' id='word_1_96' title='bbox 1794 1564 2051 1622; x_wconf 87' lang='lat' dir='ltr'><strong>consule·</strong></span> 
     </span>
    </p>
   </div>
   <div class='ocr_carea' id='block_1_3' title="bbox 243 1657 2169 1833">
    <p class='ocr_par' dir='ltr' id='par_1_4' title="bbox 243 1657 2169 1833">
     <span class='ocr_line' id='line_1_15' title="bbox 243 1657 1070 1736; baseline -0.006 -20"><span class='ocrx_word' id='word_1_97' title='bbox 243 1671 482 1736; x_wconf 89' lang='lat' dir='ltr'><strong>rentque</strong></span> <span class='ocrx_word' id='word_1_98' title='bbox 510 1660 681 1718; x_wconf 90' lang='lat' dir='ltr'><strong>rebus</strong></span> <span class='ocrx_word' id='word_1_99' title='bbox 709 1661 828 1719; x_wconf 89' lang='lat' dir='ltr'><strong>suis</strong></span> <span class='ocrx_word' id='word_1_100' title='bbox 856 1657 1006 1695; x_wconf 59' lang='lat'><strong>*²¹²⁴*</strong></span> <span class='ocrx_word' id='word_1_101' title='bbox 1064 1703 1070 1711; x_wconf 87' lang='lat'>.</span> 
     </span>
     <span class='ocr_line' id='line_1_16' title="bbox 270 1752 2169 1833; baseline 0.001 -21"><span class='ocrx_word' id='word_1_102' title='bbox 270 1780 271 1783; x_wconf 41' lang='lat'>¹</span> <span class='ocrx_word' id='word_1_103' title='bbox 317 1752 436 1813; x_wconf 89' lang='grc' dir='ltr'><strong>ΙΙΙ.</strong></span> <span class='ocrx_word' id='word_1_104' title='bbox 519 1754 590 1791; x_wconf 75' lang='lat'><em>*²¹¹²</em></span> <span class='ocrx_word' id='word_1_105' title='bbox 621 1755 683 1812; x_wconf 91' lang='lat' dir='ltr'><strong>hi</strong></span> <span class='ocrx_word' id='word_1_106' title='bbox 725 1753 1162 1813; x_wconf 86' lang='lat' dir='ltr'><strong>decemviralem</strong></span> <span class='ocrx_word' id='word_1_107' title='bbox 1209 1752 1429 1831; x_wconf 86' lang='lat' dir='ltr'><strong>[suam]</strong></span> <span class='ocrx_word' id='word_1_108' title='bbox 1475 1765 1813 1833; x_wconf 88' lang='lat' dir='ltr'><strong>potestatem</strong></span> <span class='ocrx_word' id='word_1_109' title='bbox 1862 1755 1936 1811; x_wconf 92' lang='lat' dir='ltr'><strong>ab</strong></span> <span class='ocrx_word' id='word_1_110' title='bbox 1981 1774 2051 1814; x_wconf 91' lang='lat' dir='ltr'><strong>eo</strong></span> <span class='ocrx_word' id='word_1_111' title='bbox 2096 1757 2169 1814; x_wconf 89' lang='lat'><strong>15</strong></span> 
     </span>
    </p>
   </div>
   <div class='ocr_carea' id='block_1_4' title="bbox 151 1848 2055 1930">
    <p class='ocr_par' dir='ltr' id='par_1_5' title="bbox 151 1848 2055 1930">
     <span class='ocr_line' id='line_1_17' title="bbox 151 1848 2055 1930; baseline -0.002 -20"><span class='ocrx_word' id='word_1_112' title='bbox 151 1915 162 1930; x_wconf 94' lang='lat'><strong>.</strong></span> <span class='ocrx_word' id='word_1_113' title='bbox 242 1851 616 1910; x_wconf 79' lang='lat' dir='ltr'><strong>constitutam</strong></span> <span class='ocrx_word' id='word_1_114' title='bbox 671 1849 1040 1907; x_wconf 90' lang='lat' dir='ltr'><strong>sustulerunt.</strong></span> <span class='ocrx_word' id='word_1_115' title='bbox 1159 1848 1303 1909; x_wconf 73' lang='lat' dir='ltr'><strong>Quo</strong></span> <span class='ocrx_word' id='word_1_116' title='bbox 1355 1848 1549 1906; x_wconf 91' lang='lat' dir='ltr'><strong>dolore</strong></span> <span class='ocrx_word' id='word_1_117' title='bbox 1602 1850 1876 1906; x_wconf 85' lang='lat' dir='ltr'><strong>incensus</strong></span> <span class='ocrx_word' id='word_1_118' title='bbox 1927 1850 2055 1918; x_wconf 83' lang='lat' dir='ltr'><strong>iniit</strong></span> 
     </span>
    </p>
   </div>
   <div class='ocr_carea' id='block_1_5' title="bbox 240 1941 2169 3632">
    <p class='ocr_par' dir='ltr' id='par_1_6' title="bbox 240 1941 2169 3632">
     <span class='ocr_line' id='line_1_18' title="bbox 240 1941 2052 2020; baseline 0.001 -17"><span class='ocrx_word' id='word_1_119' title='bbox 240 1944 509 2017; x_wconf 88' lang='lat' dir='ltr'><strong>consilia,</strong></span> <span class='ocrx_word' id='word_1_120' title='bbox 531 1963 697 2020; x_wconf 87' lang='lat' dir='ltr'><strong>reges</strong></span> <span class='ocrx_word' id='word_1_121' title='bbox 717 1941 1287 2007; x_wconf 67' lang='lat' dir='ltr'><strong>Lacedaemoniorum</strong></span> <span class='ocrx_word' id='word_1_122' title='bbox 1314 1942 1528 2001; x_wconf 90' lang='lat' dir='ltr'><strong>tollere.</strong></span> <span class='ocrx_word' id='word_1_123' title='bbox 1613 1943 1729 2001; x_wconf 89' lang='lat' dir='ltr'><strong>Sed</strong></span> <span class='ocrx_word' id='word_1_124' title='bbox 1752 1943 2052 2019; x_wconf 87' lang='lat' dir='ltr'><strong>sentiebat,</strong></span> 
     </span>
     <span class='ocr_line' id='line_1_19' title="bbox 241 2038 2055 2124; baseline 0.001 -26"><span class='ocrx_word' id='word_1_125' title='bbox 241 2041 304 2098; x_wconf 93' lang='lat' dir='ltr'><strong>id</strong></span> <span class='ocrx_word' id='word_1_126' title='bbox 336 2039 550 2124; x_wconf 16' lang='lat' dir='ltr'><strong>setsine</strong></span> <span class='ocrx_word' id='word_1_127' title='bbox 575 2058 681 2117; x_wconf 92' lang='lat' dir='ltr'><strong>ope</strong></span> <span class='ocrx_word' id='word_1_128' title='bbox 710 2040 945 2098; x_wconf 89' lang='lat' dir='ltr'><strong>deorum</strong></span> <span class='ocrx_word' id='word_1_129' title='bbox 975 2040 1166 2096; x_wconf 90' lang='lat' dir='ltr'><strong>facere</strong></span> <span class='ocrx_word' id='word_1_130' title='bbox 1208 2058 1324 2097; x_wconf 91' lang='lat' dir='ltr'><strong>non</strong></span> <span class='ocrx_word' id='word_1_131' title='bbox 1370 2058 1557 2117; x_wconf 85' lang='lat' dir='ltr'><strong>posse,</strong></span> <span class='ocrx_word' id='word_1_132' title='bbox 1586 2038 1738 2117; x_wconf 78' lang='lat' dir='ltr'><strong>quod</strong></span> <span class='ocrx_word' id='word_1_133' title='bbox 1788 2039 2055 2099; x_wconf 83' lang='lat' dir='ltr'><strong>Lacedae-</strong></span> 
     </span>
     <span class='ocr_line' id='line_1_20' title="bbox 242 2135 2052 2197; baseline 0 -1"><span class='ocrx_word' id='word_1_134' title='bbox 242 2135 423 2196; x_wconf 88' lang='lat' dir='ltr'><strong>monii</strong></span> <span class='ocrx_word' id='word_1_135' title='bbox 449 2136 643 2195; x_wconf 89' lang='lat' dir='ltr'><strong>omnia</strong></span> <span class='ocrx_word' id='word_1_136' title='bbox 670 2137 743 2195; x_wconf 89' lang='lat' dir='ltr'><strong>ad</strong></span> <span class='ocrx_word' id='word_1_137' title='bbox 779 2137 1014 2195; x_wconf 90' lang='lat' dir='ltr'><strong>oracula</strong></span> <span class='ocrx_word' id='word_1_138' title='bbox 1039 2138 1251 2195; x_wconf 83' lang='lat' dir='ltr'><strong>referre</strong></span> <span class='ocrx_word' id='word_1_139' title='bbox 1280 2149 1712 2196; x_wconf 85' lang='lat' dir='ltr'><strong>consueverant.</strong></span> <span class='ocrx_word' id='word_1_140' title='bbox 1794 2136 2052 2197; x_wconf 75' lang='lat' dir='ltr'><strong>Primum</strong></span> 
     </span>
     <span class='ocr_line' id='line_1_21' title="bbox 243 2233 2169 2311; baseline 0.001 -19"><span class='ocrx_word' id='word_1_141' title='bbox 243 2234 499 2309; x_wconf 89' lang='lat' dir='ltr'><strong>Delphos</strong></span> <span class='ocrx_word' id='word_1_142' title='bbox 524 2252 890 2309; x_wconf 89' lang='lat' dir='ltr'><strong>corrumpere</strong></span> <span class='ocrx_word' id='word_1_143' title='bbox 918 2244 1006 2291; x_wconf 91' lang='lat' dir='ltr'><strong>est</strong></span> <span class='ocrx_word' id='word_1_144' title='bbox 1033 2245 1290 2292; x_wconf 75' lang='lat' dir='ltr'><strong>conatus,</strong></span> <span class='ocrx_word' id='word_1_145' title='bbox 1372 2233 1577 2296; x_wconf 80' lang='lat' dir='ltr'><strong>Quum</strong></span> <span class='ocrx_word' id='word_1_146' title='bbox 1606 2234 1664 2292; x_wconf 92' lang='lat' dir='ltr'><strong>id</strong></span> <span class='ocrx_word' id='word_1_147' title='bbox 1694 2254 1810 2293; x_wconf 90' lang='lat' dir='ltr'><strong>non</strong></span> <span class='ocrx_word' id='word_1_148' title='bbox 1837 2236 2051 2311; x_wconf 89' lang='lat' dir='ltr'><strong>potuis·</strong></span> <span class='ocrx_word' id='word_1_149' title='bbox 2088 2236 2169 2294; x_wconf 77' lang='lat'><strong>20</strong></span> 
     </span>
     <span class='ocr_line' id='line_1_22' title="bbox 245 2327 2054 2406; baseline 0.001 -20"><span class='ocrx_word' id='word_1_150' title='bbox 245 2340 351 2401; x_wconf 90' lang='lat' dir='ltr'><strong>set,</strong></span> <span class='ocrx_word' id='word_1_151' title='bbox 379 2327 682 2387; x_wconf 89' lang='lat' dir='ltr'><strong>Dodonam</strong></span> <span class='ocrx_word' id='word_1_152' title='bbox 710 2329 941 2387; x_wconf 88' lang='lat' dir='ltr'><strong>adortus</strong></span> <span class='ocrx_word' id='word_1_153' title='bbox 967 2340 1072 2387; x_wconf 83' lang='lat' dir='ltr'><strong>est.</strong></span> <span class='ocrx_word' id='word_1_154' title='bbox 1187 2328 1347 2386; x_wconf 89' lang='lat' dir='ltr'><strong>Hinc</strong></span> <span class='ocrx_word' id='word_1_155' title='bbox 1374 2348 1595 2405; x_wconf 91' lang='lat' dir='ltr'><strong>quoque</strong></span> <span class='ocrx_word' id='word_1_156' title='bbox 1622 2331 1884 2406; x_wconf 87' lang='lat' dir='ltr'><strong>repulsus</strong></span> <span class='ocrx_word' id='word_1_157' title='bbox 1910 2331 2054 2389; x_wconf 85' lang='lat' dir='ltr'><strong>dixit</strong></span> 
     </span>
     <span class='ocr_line' id='line_1_23' title="bbox 246 2422 2054 2502; baseline 0 -19"><span class='ocrx_word' id='word_1_158' title='bbox 246 2444 307 2483; x_wconf 89' lang='lat' dir='ltr'><strong>se</strong></span> <span class='ocrx_word' id='word_1_159' title='bbox 334 2437 464 2484; x_wconf 79' lang='lat' dir='ltr'><strong>vota</strong></span> <span class='ocrx_word' id='word_1_160' title='bbox 499 2425 840 2502; x_wconf 86' lang='lat' dir='ltr'><strong>suscepisse,</strong></span> <span class='ocrx_word' id='word_1_161' title='bbox 868 2444 994 2500; x_wconf 84' lang='lat' dir='ltr'><strong>quae</strong></span> <span class='ocrx_word' id='word_1_162' title='bbox 1037 2423 1167 2482; x_wconf 83' lang='lat' dir='ltr'><strong>Jovi</strong></span> <span class='ocrx_word' id='word_1_163' title='bbox 1196 2422 1511 2481; x_wconf 86' lang='lat' dir='ltr'><strong>Hammoni</strong></span> <span class='ocrx_word' id='word_1_164' title='bbox 1550 2426 1821 2483; x_wconf 83' lang='lat' dir='ltr'><strong>solveret:</strong></span> <span class='ocrx_word' id='word_1_165' title='bbox 1864 2427 2054 2484; x_wconf 85' lang='lat' dir='ltr'><strong>existi-</strong></span> 
     </span>
     <span class='ocr_line' id='line_1_24' title="bbox 245 2516 2052 2598; baseline 0.001 -21"><span class='ocrx_word' id='word_1_166' title='bbox 245 2539 429 2593; x_wconf 77' lang='lat' dir='ltr'><strong>manS,</strong></span> <span class='ocrx_word' id='word_1_167' title='bbox 458 2539 519 2579; x_wconf 91' lang='lat' dir='ltr'><strong>se</strong></span> <span class='ocrx_word' id='word_1_168' title='bbox 568 2521 742 2578; x_wconf 89' lang='lat' dir='ltr'><strong>Afros</strong></span> <span class='ocrx_word' id='word_1_169' title='bbox 792 2516 1019 2577; x_wconf 72' lang='lat' dir='ltr'><strong>facilius</strong></span> <span class='ocrx_word' id='word_1_170' title='bbox 1061 2530 1477 2595; x_wconf 90' lang='lat' dir='ltr'><strong>corrupturum.</strong></span> <span class='ocrx_word' id='word_1_171' title='bbox 1561 2519 1695 2578; x_wconf 72' lang='lat' dir='ltr'><strong>Hac</strong></span> <span class='ocrx_word' id='word_1_172' title='bbox 1737 2539 1837 2598; x_wconf 89' lang='lat' dir='ltr'><strong>spe</strong></span> <span class='ocrx_word' id='word_1_173' title='bbox 1878 2540 2052 2598; x_wconf 90' lang='lat' dir='ltr'><strong>quum</strong></span> 
     </span>
     <span class='ocr_line' id='line_1_25' title="bbox 243 2599 2053 2693; baseline 0.003 -20"><span class='ocrx_word' id='word_1_174' title='bbox 243 2616 535 2693; x_wconf 84' lang='lat' dir='ltr'><strong>profectus</strong></span> <span class='ocrx_word' id='word_1_175' title='bbox 563 2626 714 2672; x_wconf 89' lang='lat' dir='ltr'><strong>esset</strong></span> <span class='ocrx_word' id='word_1_176' title='bbox 742 2614 802 2670; x_wconf 93' lang='lat' dir='ltr'><strong>in</strong></span> <span class='ocrx_word' id='word_1_177' title='bbox 830 2614 1110 2686; x_wconf 87' lang='lat' dir='ltr'><strong>Africam,</strong></span> <span class='ocrx_word' id='word_1_178' title='bbox 1141 2612 1385 2673; x_wconf 72' lang='lat' dir='ltr'><strong>multum</strong></span> <span class='ocrx_word' id='word_1_179' title='bbox 1413 2634 1545 2673; x_wconf 92' lang='lat' dir='ltr'><strong>eum</strong></span> <span class='ocrx_word' id='word_1_180' title='bbox 1586 2599 1868 2676; x_wconf 77' lang='lat' dir='ltr'><strong>antistites</strong></span> <span class='ocrx_word' id='word_1_181' title='bbox 1892 2618 2053 2678; x_wconf 75' lang='lat' dir='ltr'><strong>Jovis</strong></span> 
     </span>
     <span class='ocr_line' id='line_1_26' title="bbox 247 2707 2167 2790; baseline 0.002 -21"><span class='ocrx_word' id='word_1_182' title='bbox 247 2709 588 2769; x_wconf 88' lang='lat' dir='ltr'><strong>fefellerunt.</strong></span> <span class='ocrx_word' id='word_1_183' title='bbox 671 2708 825 2767; x_wconf 91' lang='lat' dir='ltr'><strong>Nam</strong></span> <span class='ocrx_word' id='word_1_184' title='bbox 869 2729 984 2767; x_wconf 91' lang='lat' dir='ltr'><strong>non</strong></span> <span class='ocrx_word' id='word_1_185' title='bbox 1035 2707 1217 2768; x_wconf 70' lang='lat' dir='ltr'><strong>solum</strong></span> <span class='ocrx_word' id='word_1_186' title='bbox 1246 2712 1532 2788; x_wconf 88' lang='lat' dir='ltr'><strong>corrumpi</strong></span> <span class='ocrx_word' id='word_1_187' title='bbox 1571 2733 1685 2770; x_wconf 91' lang='lat' dir='ltr'><strong>non</strong></span> <span class='ocrx_word' id='word_1_188' title='bbox 1726 2725 2049 2790; x_wconf 88' lang='lat' dir='ltr'><strong>potuerunt,</strong></span> <span class='ocrx_word' id='word_1_189' title='bbox 2090 2717 2167 2774; x_wconf 78' lang='lat'><strong>25</strong></span> 
     </span>
     <span class='ocr_line' id='line_1_27' title="bbox 248 2803 2051 2884; baseline -0.001 -18"><span class='ocrx_word' id='word_1_190' title='bbox 248 2807 349 2866; x_wconf 87' lang='lat' dir='ltr'><strong>sed</strong></span> <span class='ocrx_word' id='word_1_191' title='bbox 373 2803 549 2863; x_wconf 90' lang='lat' dir='ltr'><strong>etiam</strong></span> <span class='ocrx_word' id='word_1_192' title='bbox 569 2805 785 2882; x_wconf 89' lang='lat' dir='ltr'><strong>legatos</strong></span> <span class='ocrx_word' id='word_1_193' title='bbox 807 2806 1226 2864; x_wconf 73' lang='lat' dir='ltr'><strong>Lacedaemona</strong></span> <span class='ocrx_word' id='word_1_194' title='bbox 1253 2807 1550 2880; x_wconf 90' lang='lat' dir='ltr'><strong>miserunt,</strong></span> <span class='ocrx_word' id='word_1_195' title='bbox 1573 2808 1669 2884; x_wconf 93' lang='lat' dir='ltr'><strong>qui</strong></span> <span class='ocrx_word' id='word_1_196' title='bbox 1692 2808 2051 2884; x_wconf 88' lang='lat' dir='ltr'><strong>Lysandrum</strong></span> 
     </span>
     <span class='ocr_line' id='line_1_28' title="bbox 250 2900 2053 2979; baseline 0.001 -18"><span class='ocrx_word' id='word_1_197' title='bbox 250 2912 610 2973; x_wconf 88' lang='lat' dir='ltr'><strong>accusarent,</strong></span> <span class='ocrx_word' id='word_1_198' title='bbox 657 2900 808 2977; x_wconf 75' lang='lat' dir='ltr'><strong>quod</strong></span> <span class='ocrx_word' id='word_1_199' title='bbox 855 2901 1180 2960; x_wconf 89' lang='lat' dir='ltr'><strong>sacerdotes</strong></span> <span class='ocrx_word' id='word_1_200' title='bbox 1229 2902 1349 2960; x_wconf 89' lang='lat' dir='ltr'><strong>sani</strong></span> <span class='ocrx_word' id='word_1_201' title='bbox 1401 2922 1762 2979; x_wconf 87' lang='lat' dir='ltr'><strong>corrumpere</strong></span> <span class='ocrx_word' id='word_1_202' title='bbox 1814 2915 2053 2963; x_wconf 88' lang='lat' dir='ltr'><strong>conatus</strong></span> 
     </span>
     <span class='ocr_line' id='line_1_29' title="bbox 250 2997 2053 3078; baseline 0.002 -22"><span class='ocrx_word' id='word_1_203' title='bbox 250 3010 415 3057; x_wconf 90' lang='lat' dir='ltr'><strong>esset.</strong></span> <span class='ocrx_word' id='word_1_204' title='bbox 500 2999 827 3055; x_wconf 87' lang='lat' dir='ltr'><strong>Accusatus</strong></span> <span class='ocrx_word' id='word_1_205' title='bbox 863 2999 973 3056; x_wconf 94' lang='lat' dir='ltr'><strong>hoc</strong></span> <span class='ocrx_word' id='word_1_206' title='bbox 1016 2997 1277 3070; x_wconf 89' lang='lat' dir='ltr'><strong>crimine,</strong></span> <span class='ocrx_word' id='word_1_207' title='bbox 1301 2998 1562 3074; x_wconf 88' lang='lat' dir='ltr'><strong>judicum</strong></span> <span class='ocrx_word' id='word_1_208' title='bbox 1605 2998 1898 3078; x_wconf 84' lang='lat' dir='ltr'><strong>absolutus</strong></span> <span class='ocrx_word' id='word_1_209' title='bbox 1928 3020 2053 3059; x_wconf 87' lang='lat' dir='ltr'><strong>sen-</strong></span> 
     </span>
     <span class='ocr_line' id='line_1_30' title="bbox 251 3092 2053 3174; baseline 0.001 -22"><span class='ocrx_word' id='word_1_210' title='bbox 251 3094 462 3168; x_wconf 89' lang='lat' dir='ltr'><strong>tentiis,</strong></span> <span class='ocrx_word' id='word_1_211' title='bbox 492 3092 896 3152; x_wconf 87' lang='lat' dir='ltr'><strong>Orchomeniis</strong></span> <span class='ocrx_word' id='word_1_212' title='bbox 933 3093 1140 3152; x_wconf 90' lang='lat' dir='ltr'><strong>missus</strong></span> <span class='ocrx_word' id='word_1_213' title='bbox 1168 3092 1441 3167; x_wconf 89' lang='lat' dir='ltr'><strong>subsidio,</strong></span> <span class='ocrx_word' id='word_1_214' title='bbox 1470 3094 1697 3152; x_wconf 88' lang='lat' dir='ltr'><strong>occisus</strong></span> <span class='ocrx_word' id='word_1_215' title='bbox 1724 3106 1809 3152; x_wconf 91' lang='lat' dir='ltr'><strong>est</strong></span> <span class='ocrx_word' id='word_1_216' title='bbox 1838 3114 1871 3152; x_wconf 98' lang='lat' dir='ltr'><strong>a</strong></span> <span class='ocrx_word' id='word_1_217' title='bbox 1897 3095 2053 3174; x_wconf 85' lang='lat' dir='ltr'><strong>The-</strong></span> 
     </span>
     <span class='ocr_line' id='line_1_31' title="bbox 252 3183 2167 3267; baseline 0.001 -20"><span class='ocrx_word' id='word_1_218' title='bbox 252 3191 416 3249; x_wconf 89' lang='lat' dir='ltr'><strong>banis</strong></span> <span class='ocrx_word' id='word_1_219' title='bbox 445 3190 594 3267; x_wconf 87' lang='lat' dir='ltr'><strong>apud</strong></span> <span class='ocrx_word' id='word_1_220' title='bbox 623 3188 963 3247; x_wconf 84' lang='lat' dir='ltr'><strong>Haliartum.</strong></span> <span class='ocrx_word' id='word_1_221' title='bbox 1006 3183 1007 3190; x_wconf 38' lang='lat'>¹</span> <span class='ocrx_word' id='word_1_222' title='bbox 1079 3187 1280 3251; x_wconf 67' lang='lat' dir='ltr'><strong>Quam</strong></span> <span class='ocrx_word' id='word_1_223' title='bbox 1309 3188 1440 3247; x_wconf 74' lang='lat' dir='ltr'><strong>vere</strong></span> <span class='ocrx_word' id='word_1_224' title='bbox 1471 3190 1543 3246; x_wconf 92' lang='lat' dir='ltr'><strong>de</strong></span> <span class='ocrx_word' id='word_1_225' title='bbox 1570 3208 1640 3246; x_wconf 93' lang='lat' dir='ltr'><strong>eo</strong></span> <span class='ocrx_word' id='word_1_226' title='bbox 1668 3189 1810 3248; x_wconf 89' lang='lat' dir='ltr'><strong>foret</strong></span> <span class='ocrx_word' id='word_1_227' title='bbox 1831 3190 2051 3267; x_wconf 88' lang='lat' dir='ltr'><strong>judica·</strong></span> <span class='ocrx_word' id='word_1_228' title='bbox 2089 3192 2167 3251; x_wconf 88' lang='grc'><strong>30</strong></span> 
     </span>
     <span class='ocr_line' id='line_1_32' title="bbox 251 3284 2051 3364; baseline 0.001 -20"><span class='ocrx_word' id='word_1_229' title='bbox 251 3298 393 3360; x_wconf 90' lang='lat' dir='ltr'><strong>tum,</strong></span> <span class='ocrx_word' id='word_1_230' title='bbox 430 3286 610 3345; x_wconf 89' lang='lat' dir='ltr'><strong>oratio</strong></span> <span class='ocrx_word' id='word_1_231' title='bbox 653 3284 869 3343; x_wconf 90' lang='lat' dir='ltr'><strong>indicio</strong></span> <span class='ocrx_word' id='word_1_232' title='bbox 912 3285 1036 3357; x_wconf 90' lang='lat' dir='ltr'><strong>fuit,</strong></span> <span class='ocrx_word' id='word_1_233' title='bbox 1065 3305 1190 3361; x_wconf 83' lang='lat' dir='ltr'><strong>quae</strong></span> <span class='ocrx_word' id='word_1_234' title='bbox 1216 3297 1345 3362; x_wconf 91' lang='lat' dir='ltr'><strong>post</strong></span> <span class='ocrx_word' id='word_1_235' title='bbox 1386 3296 1624 3343; x_wconf 89' lang='lat' dir='ltr'><strong>mortem</strong></span> <span class='ocrx_word' id='word_1_236' title='bbox 1653 3284 1712 3342; x_wconf 89' lang='lat' dir='ltr'><strong>in</strong></span> <span class='ocrx_word' id='word_1_237' title='bbox 1740 3286 1907 3345; x_wconf 90' lang='lat' dir='ltr'><strong>domo</strong></span> <span class='ocrx_word' id='word_1_238' title='bbox 1928 3288 2051 3364; x_wconf 88' lang='lat' dir='ltr'><strong>ejus</strong></span> 
     </span>
     <span class='ocr_line' id='line_1_33' title="bbox 255 3379 2051 3461; baseline -0.001 -19"><span class='ocrx_word' id='word_1_239' title='bbox 255 3394 477 3461; x_wconf 88' lang='lat' dir='ltr'><strong>reperta</strong></span> <span class='ocrx_word' id='word_1_240' title='bbox 501 3381 606 3454; x_wconf 83' lang='lat' dir='ltr'><strong>est,</strong></span> <span class='ocrx_word' id='word_1_241' title='bbox 635 3382 695 3440; x_wconf 93' lang='lat' dir='ltr'><strong>in</strong></span> <span class='ocrx_word' id='word_1_242' title='bbox 723 3381 838 3458; x_wconf 70' lang='lat' dir='ltr'><strong>qua</strong></span> <span class='ocrx_word' id='word_1_243' title='bbox 880 3382 1081 3439; x_wconf 86' lang='lat' dir='ltr'><strong>suadet</strong></span> <span class='ocrx_word' id='word_1_244' title='bbox 1125 3380 1600 3454; x_wconf 74' lang='lat' dir='ltr'><strong>Lacedaemoniis,</strong></span> <span class='ocrx_word' id='word_1_245' title='bbox 1647 3394 1728 3453; x_wconf 90' lang='lat' dir='ltr'><strong>ut,</strong></span> <span class='ocrx_word' id='word_1_246' title='bbox 1756 3379 1915 3459; x_wconf 69' lang='lat' dir='ltr'><strong>regia</strong></span> <span class='ocrx_word' id='word_1_247' title='bbox 1956 3402 2051 3458; x_wconf 89' lang='lat' dir='ltr'><strong>po-</strong></span> 
     </span>
     <span class='ocr_line' id='line_1_34' title="bbox 255 3476 2050 3555; baseline -0.001 -19"><span class='ocrx_word' id='word_1_248' title='bbox 255 3490 456 3538; x_wconf 85' lang='lat' dir='ltr'><strong>testate</strong></span> <span class='ocrx_word' id='word_1_249' title='bbox 498 3478 790 3552; x_wconf 70' lang='lat' dir='ltr'><strong>dissoluta,</strong></span> <span class='ocrx_word' id='word_1_250' title='bbox 832 3477 1206 3536; x_wconf 63' lang='lat' dir='ltr'><strong>ex‘omnibus</strong></span> <span class='ocrx_word' id='word_1_251' title='bbox 1250 3478 1363 3535; x_wconf 86' lang='lat' dir='ltr'><strong>dux</strong></span> <span class='ocrx_word' id='word_1_252' title='bbox 1403 3476 1681 3555; x_wconf 85' lang='lat' dir='ltr'><strong>deligatur</strong></span> <span class='ocrx_word' id='word_1_253' title='bbox 1726 3479 1796 3536; x_wconf 88' lang='lat' dir='ltr'><strong>ad</strong></span> <span class='ocrx_word' id='word_1_254' title='bbox 1839 3478 2050 3535; x_wconf 87' lang='lat' dir='ltr'><strong>bellum</strong></span> 
     </span>
     <span class='ocr_line' id='line_1_35' title="bbox 292 3575 836 3632; baseline 0 0"><span class='ocrx_word' id='word_1_255' title='bbox 292 3579 296 3583; x_wconf 47' lang='lat'>*</span> <span class='ocrx_word' id='word_1_256' title='bbox 797 3575 836 3632; x_wconf 83' lang='lat'><strong>3</strong></span> 
     </span>
    </p>
   </div>
  </div>
 </body>
</html>
