2492 4207
223 94 226 97 -
321 38 394 155 J
429 93 474 133 ‚„
498 28 602 127 ι,

339 240 346 245 ’
618 300 664 381 1
922 270 1444 323 cammoneas.
2112 268 2191 326 et

287 428 477 506 facis,
530 449 632 506 ego
688 437 741 488 te
790 429 1013 488 tradam
1065 433 1448 505 magistratui.
1530 433 1704 493 Hunc
1755 433 2075 494 Diomedon

304 544 477 599 quum
503 537 744 602 rogaret,
771 535 833 584 tu
862 524 985 585 tuto
1012 527 1178 600 exire,
1205 536 1436 604 sitaque,
1462 548 1584 605 quoe
1610 531 1908 604 attulisset,
1951 531 2076 588 lice-

300 629 389 678 ret
429 616 623 698 efferre
643 641 666 676 .·
707 620 893 694 Istud,
921 609 1121 696 inquit,
1130 620 1400 698 faciam,-
1438 643 1610 700 neque
1649 624 1749 682 tua
1769 625 1961 700 causti,
1982 626 2083 684 sed

298 714 423 774 med
444 736 464 771 .·
496 736 597 790 -ae,
624 716 676 774 si
695 716 801 775 tibi
827 718 905 774 sit
913 716 1160 793 pecunia
1186 717 1466 795 adempta,
1495 719 1704 796 aliquis
1730 720 1903 795 dicat,
1920 721 1987 779 id
2002 720 2083 779 ad

298 830 383 873 me
410 819 651 888 ereptum
664 812 1000 888 pervenisse,
1023 811 1174 888 quod
1202 808 1444 871 delatum
1485 815 1736 892 accipere
1770 817 2070 876 noluissem.
2111 819 2150 874 5

301 906 361 962 A
415 925 523 981 quo
572 925 744 984 quum
796 906 1104 983 quaesisset,
1158 905 1268 983 qud
1309 903 1366 966 s'e
1402 908 1603 966 deduci
1645 910 1823 983 vellet,
1866 922 1922 969 et
1963 912 2075 984 ille,

297 999 584 1085 Athenas,
603 1002 867 1073 dixisset;
909 1001 1233 1079 praesidium
1260 1003 1435 1077 dedit,
1466 1016 1528 1063 ut
1554 1002 1624 1062 eo
1667 1003 1791 1063 tuto
1826 1006 2076 1081 perveni-

296 1107 399 1155 ret.
461 1095 539 1165 ,N
540 1115 681 1172 eque
709 1095 842 1155 vero
871 1097 929 1154 id
958 1095 1094 1156 satis
1121 1097 1338 1171 habuit,
1365 1101 1465 1157 sed
1491 1100 1685 1173 etiam,
1700 1111 1762 1158 ut
1779 1100 2075 1158 inviolatus

191 1206 192 1209 ’
296 1190 359 1248 in
385 1210 589 1259 navem
630 1193 984 1266 ascenderet,
1030 1213 1130 1270 per
1177 1192 1484 1252 Chabriam
1526 1194 1960 1268 Atheniensem,
2004 1196 2075 1252 de

292 1305 409 1360 quo
435 1285 603 1362 supr&⁴
629 1286 977 1345 mentionem
998 1288 1256 1363 fecimus,
1275 1289 1479 1348 effecit.
1562 1290 1944 1348 Abstinentiae
1966 1290 2072 1348 erit
2116 1291 2187 1347 10

294 1382 410 1439 hoc
431 1380 568 1440 satis
592 1382 991 1441 testimonium.
1073 1384 1325 1443 Plurima
1350 1384 1579 1462 quidem
1605 1385 1854 1461 proferre
1879 1404 2068 1462 posse·

291 1495 454 1547 mus;
514 1477 615 1535 sed
666 1477 866 1538 modus
918 1478 1274 1537 adhibendus
1324 1490 1443 1549 est3
1495 1479 1759 1553 quoniam
1803 1498 1918 1538 uno
1959 1481 2069 1539 hoc

289 1570 576 1630 volumine
602 1573 776 1630 vitam
801 1574 1169 1631 excellentium
1197 1575 1446 1632 virorum
1488 1574 1830 1631 concludere
1861 1575 2068 1633 consti-

287 1665 519 1740 tuimus,
572 1686 808 1744 quorum
861 1668 1163 1745 separatim
1234 1666 1428 1731 mult‘u
1494 1667 1741 1729 millibus
1809 1687 2068 1727 versuum

287 1764 606 1837 complures
633 1762 935 1837 scriptores
962 1774 1104 1831 ante,
1118 1781 1224 1845 nos
1250 1762 1622 1838 explicarunt.
2110 1766 2183 1820 15

325 1900 330 1906 .
368 1856 439 1913 V.
520 1854 657 1913 Fuit
682 1854 857 1913 etiam
907 1848 1191 1927 disertus,‘
1212 1868 1276 1913 ut
1321 1875 1490 1913 nemo
1531 1855 1846 1913 Thebanus
1880 1857 1932 1913 ei
1971 1874 2068 1931 par

187 2014 193 2020 ,
227 2004 236 2012 .
286 1961 441 2008 esset
487 1949 846 2024 eloquentia:
887 1968 1071 2024 neque
1105 1947 1298 2007 minus
1339 1948 1656 2007 concinnus
1695 1950 1754 2006 in
1794 1949 2069 2007 brevitate

284 2042 686 2122 respondendi,
715 2042 883 2120 quam
912 2044 972 2101 in
1012 2044 1285 2121 perpetua
1331 2043 1586 2101 oratione
1626 2055 1870 2102 ornatus.
1954 2044 2070 2101 Ha-

285 2141 411 2198 buit
427 2130 869 2199 'obtrectatorem
897 2138 1284 2197 Meneclidam
1312 2140 1595 2215 quendam
1636 2138 1889 2198 indidem
1915 2139 2067 2197 The-

283 2236 390 2308 bis,
433 2247 491 2294 et
550 2235 930 2295 adversarium
982 2235 1042 2292 in
1088 2234 1536 2294 administranda
1576 2235 1885 2310 republica,
1930 2234 2066 2294 satis
2103 2237 2181 2293 20

282 2331 653 2389 exercitatum
680 2330 740 2388 in
769 2329 1033 2402 dicendo,
1061 2341 1125 2387 ut
1150 2329 1496 2396 Thebanum
1529 2330 1779 2388 scilicet:
1822 2349 2064 2406 namque

283 2427 364 2484 illi
390 2426 545 2502 genti
569 2427 706 2503 plus*
724 2426 874 2483 inest
899 2424 1099 2482 virium
1142 2421 1314 2499 quam
1361 2424 1594 2499 ingenii.
1674 2424 1755 2494 Is,
1803 2423 1954 2499 quod
1979 2426 2059 2482 ‘in

281 2540 345 2582 re
371 2520 599 2581 militari
628 2520 824 2578 florere
851 2518 1307 2595 Epaminondam
1336 2518 1582 2590 videbat,
1613 2518 1822 2576 hortari
1848 2518 2061 2576 solebat

282 2614 612 2681 Thebanos,
640 2624 705 2672 at
720 2634 920 2691 pacem
946 2613 1079 2671 bello
1106 2611 1470 2689 anteferrent,
1499 2631 1572 2670 ne
1600 2612 1749 2670 illius
1771 2613 2062 2688 imperato-

282 2710 363 2794 12js
388 2728 560 2785 opera
582 2710 1011 2768 desideraretur.
1093 2707 1248 2766 Huic
1277 2708 1391 2781 ille,
1420 2706 1628 2780 Fallis,
1657 2708 1855 2783 inquit,
1897 2707 2058 2766 verbo
2095 2710 2173 2767 25

284 2806 430 2862 cives
477 2812 619 2876 taos,
646 2803 799 2880 quod
820 2804 916 2862 Itos
960 2823 998 2861 a
1037 2803 1173 2861 bello
1215 2809 1418 2860 avocas
1438 2825 1460 2867 ,·
1500 2803 1605 2861 otii
1658 2805 1798 2860 enim
1847 2804 2059 2861 nomine

282 2900 602 2959 servitutem
638 2900 918 2957 concilias
1001 2898 1156 2957 Nam
1184 2899 1422 2975 paritur
1458 2917 1580 2974 paz
1625 2897 1775 2955 bella.
1855 2897 1919 2954 It
1993 2917 2059 2954 ue

282 2995 381 3072 qui
407 2993 474 3082 ec}
501 2992 728 3050 diutina
756 2995 947 3052 volunt
973 2992 1135 3070 frui,
1180 2992 1314 3051 bello
1360 2993 1649 3052 ezer-citato·
1694 3011 1805 3050 esse
1845 2992 1944 3049 deb
1990 2975 2051 3050 ‘t.

289 3073 487 3158 Quare
512 3089 567 3145 si
579 3087 870 3164 principes
902 3088 1143 3145 Groecioe
1169 3106 1281 3146 esse
1323 3089 1512 3160 vultis,
1541 3087 1745 3145 castris
1781 3095 1863 3144 est
1902 3089 2053 3145 vobis

239 3171 697 3257 'enitendumnon
737 3182 1032 3258 palmira.
1113 3181 1276 3240 Idem
1329 3182 1423 3240 ille
1476 3181 1839 3240 Meneclides
1878 3202 2049 3257 quum
2090 3184 2169 3241 3⁰

281 3280 415 3337 huic
440 3278 732 3355 objiceret,
761 3274 916 3352 quod
952 3277 1148 3335 liberos
1194 3296 1305 3333 non
1346 3277 1587 3346 haberet,
1633 3296 1803 3353 neque
1837 3297 2053 3336 uxorem

280 3373 559 3438 duxissa,-
615 3369 953 3447 mazimeque
1003 3372 1371 3444 insolentiam,
1415 3370 1569 3447 quod
1609 3372 1719 3429 sibi
1759 3373 2053 3450 Agamem·

281 3469 438 3526 nonis
465 3468 590 3526 belli
609 3468 859 3542 gloriam
882 3465 1162 3538 videretur
1189 3475 1504 3524 consecutus
1526 3486 1546 3521 .·
1588 3475 1669 3540 at,
1706 3468 1820 3541 ille,
1848 3470 2048 3539 desine,

457 3587 470 3631 J
629 3607 636 3614 .
662 3561 703 3618 6
728 3560 763 3595 ’”
