2492 4207
301 216 341 271 4
1097 216 1507 296 mimi-Anus.

416 382 713 442 adversum
759 395 917 442 tenet
963 384 1211 442 Athenis
1256 383 1767 481 proficiscentibus.
1869 376 2185 460 Miltiades,

413 479 673 538 morandi
693 490 916 554 tempus
943 499 1059 538 non
1085 480 1325 553 habens,
1366 499 1597 538 cursum
1624 479 1831 539 direxit
1854 479 2193 556 quotende·

413 576 529 648 bat,
550 575 916 652 pervenitque
943 576 1385 634 Chersonesum.

490 669 570 729 ΙΙ.
651 670 744 729 Ibi
789 672 945 730 brevi
991 684 1243 749 tempore
1282 661 1678 731 barbarorum?
1692 671 1873 749 copiis
1912 671 2189 749 disjectis,

331 770 372 825 5
408 767 527 826 tota
552 767 805 844 regione,
833 786 1002 844 quam
1029 766 1291 844 petierat,
1318 767 1551 844 potitus,
1571 768 1701 826 loca
1716 767 1967 827 castellis
1984 768 2192 827 idonea

409 863 810 948 communivit:
871 862 1316 937 multitudinem,
1359 862 1530 944 quam
1576 882 1773 921 secum
1821 864 2081 937 duxerat,
2128 864 2188 924 in

409 959 559 1036 agris
598 943 917 1032 collocavit,
956 952 1282 1035 crebrisque
1330 946 1763 1018 cicursionibus
1804 960 2186 1036 locupletavit.
2282 1002 2284 1012 Α

410 1054 612 1132 Neque
638 1053 830 1113 minus
851 1055 911 1112 in
933 1055 1004 1112 ea
1029 1074 1091 1112 re
1116 1055 1421 1131 prudentia
1458 1053 1629 1132 quam
1667 1055 1937 1115 felicitate
1962 1056 2189 1133 adjutus

408 1164 510 1210 est.
608 1151 762 1209 Nam
799 1170 975 1226 quum
1028 1151 1232 1210 virtute
1286 1151 1544 1210 militum·
1585 1151 1831 1211 hostium
1880 1152 2188 1211 devicisset

295 1249 370 1306 10
408 1248 713 1321 exercitus,
761 1247 984 1306 summa
1038 1248 1302 1324 aequitate
1356 1269 1383 1306 r
1753 1248 1810 1322 it,
1860 1259 2026 1325 atque
2066 1249 2186 1326 ipse

406 1344 618 1402 ibidem
646 1361 877 1401 manere
905 1344 1178 1423 decrevit3
1257 1343 1383 1402 Erat
1776 1364 1874 1404 eos
1906 1341 2186 1421 dignitate

406 1440 586 1516 regia,
613 1440 870 1515 quamvis
889 1440 1123 1498 carebat
1136 1439 1370 1498 nomine
1390 1465 1404 1510 ;
1447 1465 1631 1521 neque
1649 1440 1912 1517 rumagis
1929 1440 2185 1523 imperio,

404 1533 577 1611 quam
599 1534 838 1611 justitia,
867 1547 1228 1593 consecutus,
1311 1534 1518 1610 Neque
1546 1533 1616 1594 eo
1645 1533 1837 1593 secius
1869 1536 2188 1596 Athenien-

406 1631 582 1703 sibus,
603 1650 637 1688 a
650 1631 856 1705 quibus
871 1642 994 1689 erat
1011 1630 1322 1706 profectuS‚
1342 1630 1532 1690 officia
1549 1630 1871 1707 praestabat.
1952 1631 2186 1694 Quibus

294 1727 368 1784 15
405 1726 575 1784 rebus
601 1725 791 1799 fiebat,
835 1736 901 1783 ut
939 1744 1056 1784 non
1093 1732 1177 1783 'mr
1221 1723 1294 1784 us
1337 1744 1533 1786 eorum
1575 1726 1863 1800 voluntate
1910 1725 2185 1804 perpetuo

405 1821 704 1898 imperium
730 1821 1032 1894 obtineret,
1075 1821 1172 1897 qui
1216 1822 1510 1896 miserant,
1551 1819 1723 1898 quam
1768 1821 2014 1896 illorum,
2052 1841 2184 1880 cum

403 1917 608 1993 quibus
627 1930 751 1976 erat
774 1916 1525 1995 profectus—Chersoneso
1538 1918 1651 1985 ,tali
1671 1920 1841 1978 modo
1856 1918 2183 1990 constituta,

403 2013 686 2072 Lemnum
713 2012 1028 2085 revertitur,
1055 2024 1115 2071 et
1139 2032 1213 2070 ex
1238 2025 1409 2089 pacto
1432 2015 1699 2088 postulat,
1728 2025 1793 2071 ut
1833 2015 1943 2071 sibi
1985 2016 2184 2072 urbem

403 2110 644 2168 tradant.
728 2109 821 2166 Illi
843 2108 998 2165 enim
1038 2108 1321 2179 dixerant,
1364 2125 1540 2182 quum
1583 2117 1753 2163 vento
1794 2107 1967 2164 borea
2013 2110 2182 2168 domo

285 2207 365 2264 20
401 2205 688 2283 profectus
715 2202 785 2261 eo
813 2203 1181 2280 pervenisset,
1210 2221 1341 2260 sese
1381 2201 1708 2269 dedituros3
1749 2219 1811 2257 se
1854 2213 2043 2259 autem
2086 2203 2184 2263 do-

401 2320 560 2359 mum
609 2298 956 2358 Chersonesi
996 2298 1224 2355 habere.
1297 2296 1526 2379 ⁴Cares,
1580 2295 1676 2373 qui
1729 2306 1851 2376 tum
1897 2298 2182 2357 Lemnum

402 2394 881 2469 incolebant,etsi
905 2405 1108 2476 prjaetqr
1146 2393 1476 2470 opinionem
1523 2413 1615 2451 res
1652 2391 1959 2467 ceciderat,
1986 2406 2181 2453 tamen

400 2512 517 2552 non
564 2492 740 2564 dicto,
795 2491 896 2549 sed
937 2490 1194 2548 secunda
1242 2490 1470 2549 fortuna
1517 2488 1962 2547 adversariorum
2006 2492 2179 2568 capti,

400 2588 663 2647 resistere
693 2587 816 2644 ausi
847 2606 963 2645 non
1007 2598 1160 2659 sunt,
1205 2599 1374 2662 atque
1415 2606 1489 2644 ex
1535 2585 1722 2644 insula
1770 2586 2175 2663 demigrarunt.

282 2687 362 2743 25
401 2683 532 2742 Pari
557 2682 828 2742 felicitate
844 2692 1070 2739 caeteras
1088 2680 1324 2754 insulas,
1346 2701 1471 2758 quae
1494 2681 1776 2758 Cyclades
1793 2683 2177 2757 nominantur,

401 2780 508 2839 sub
536 2775 980 2837 Atheniensium
1007 2776 1228 2852 redegit
1255 2788 1609 2853 potestatem.
1797 2775 1803 2779 ⁴

476 2875 591 2934 III.
674 2873 908 2931 Eisdem
954 2872 1303 2948 temporibus
1350 2872 1650 2930 Persarum
1693 2892 1793 2930 rex
1836 2874 2064 2949 DariuS,
2107 2893 2179 2932 ex
2279 2867 2280 2870 ¹

400 2972 544 3030 Asia
561 2972 620 3029 in
639 2970 926 3045 Europam
943 2967 1198 3026 exercitu
1216 2967 1473 3044 trajecto,
1493 2967 1724 3043 Scythis
1741 2968 1953 3027 bellum
1971 2971 2176 3028 inferre

399 3067 668 3130 decrevit.
752 3066 994 3124 Pontem
1022 3063 1156 3121 fecit
1186 3064 1245 3123 in
1291 3064 1489 3123 Histro
1531 3063 1786 3137 flumine,
1834 3064 1947 3141 qua
1983 3065 2177 3141 copias

281 3168 361 3226 30
399 3165 740 3225 traduceret.
838 3146 980 3238 Ejus
1022 3160 1230 3235 pontiS,
1277 3161 1413 3218 dum
1461 3160 1581 3235 ipse
1626 3160 1867 3234 abesset,
1903 3137 2176 3220 custodes

396 3259 625 3337 reliquit
649 3258 966 3335 principes‚-
986 3275 1126 3331 quos
1153 3274 1351 3313 secum
1379 3275 1451 3313 ex
1478 3254 1644 3313 Ionia
1664 3269 1722 3315 et
1763 3255 1992 3314 AEolide
2035 3258 2175 3315 dux·

368 3404 369 3410 ,
397 3369 556 3427 erat;
597 3354 804 3431 quibus
825 3351 1066 3429 singulis
1094 3351 1341 3426 ipsarum
1371 3350 1598 3409 urbium
1623 3362 1897 3429 perpetua
1938 3353 2174 3411 dederat

398 3453 648 3530 imperia.
734 3449 834 3507 Sic
855 3448 1015 3506 enim
1054 3447 1273 3524 putavit
1312 3445 1579 3508 facillime
1624 3467 1685 3505 se
1721 3447 1927 3504 Graeca
1973 3448 2171 3525 lingua
