2492 4207
331 267 408 324 <14
694 302 696 305 -
1062 259 1627 324 THEMIs'rocLEs.

446 435 705 511 Graeciae,
755 435 896 496 utile
941 448 1134 495 esset..
1187 435 1390 497 Quare
1434 435 1484 494 si
1530 454 1664 494 suos
1715 436 1934 513 legatos
1984 436 2243 514 recipere

446 535 675 609 vellent,
725 553 866 611 quos
912 534 1176 594 Athenas
1221 533 1514 606 miserant,
1552 553 1613 591 se
1655 534 2030 609 remitterent,
2080 534 2244 594 aliter

446 631 573 690 illos
599 649 892 707 nunquam
920 631 980 690 in
1005 631 1250 709 patriam
1277 630 1601 709 recepturi.'

524 727 694 786 VIII.
777 729 1005 787 Tamen
1032 748 1148 788 non
1175 727 1377 804 effugit
1420 727 1631 786 civium
1676 746 1906 786 suorum
1949 726 2242 786 invidiam.

366 827 406 884 5
444 825 711 902 Namque
737 825 812 885 ob
838 827 1087 885 eundem
1113 824 1397 898 timorem,
1439 844 1551 901 quo
1597 825 1902 883 damnatus
1949 837 2074 884 erat
2115 823 2249 883 Mil-

443 923 648 998 tiadeS,
676 936 950 984 testarum
997 922 1285 999 suffragiis
1310 941 1345 980 e
1389 921 1619 981 civitate
1646 923 1886 1000 ejectuS,
1915 925 2106 1002 Argos
2149 927 2248 984 ha-

443 1020 685 1081 bitatum
732 1019 1033 1080 concessit.
1116 1017 1236 1078 Hic
1277 1038 1454 1096 quum
1488 1031 1716 1096 propter
1762 1021 1970 1079 multas
2010 1023 2251 1083 virtutes

442 1117 654 1194 magna
708 1135 841 1174 cum
893 1115 1171 1192 dignitate
1218 1116 1473 1189 viveret,
1542 1116 1967 1176 Lacedaemonii
2029 1120 2251 1197 legatos

344 1241 358 1259 ·
445 1215 707 1273 Athenas
733 1213 1032 1287 miserunt,
1059 1213 1157 1290 qui
1174 1233 1313 1282 ¹eum
1353 1215 1653 1272 absentem
1692 1226 2052 1290 accusarent,
2094 1215 2251 1293 quod

333 1310 406 1369 10
445 1310 778 1370 societatem
806 1329 939 1367 cum
968 1309 1138 1386 Rege
1166 1309 1471 1368 Persarum
1517 1311 1588 1367 ad
1615 1311 1901 1369 Graeciam
1928 1313 2252 1388 opprimen-

444 1408 577 1464 dam
632 1405 878 1464 fecisset.
987 1405 1121 1464 Hoc
1189 1406 1433 1464 crimine
1505 1407 1712 1464 absens
1771 1407 2112 1484 proditionis
2164 1423 2251 1470 est

446 1503 767 1570 damnatus.
851 1501 921 1559 Id
975 1515 1039 1561 ut
1093 1501 1330 1576 audivit,
1383 1499 1539 1578 quod
1591 1522 1707 1561 non
1763 1503 1901 1563 satis
1953 1517 2141 1564 tutum
2190 1526 2250 1565 se

446 1599 622 1676 Argis
664 1598 912 1672 ¹videbat,
958 1599 1272 1675 Corcyram
1318 1598 1674 1676 demigravit.
1757 1599 1849 1656 Ibi
1897 1620 2074 1677 quum
2127 1603 2253 1680 ejus

338 1761 341 1763 1
443 1695 734 1772 principes
761 1695 1008 1754 civitatis
1036 1695 1531 1755 animadvertisset
1557 1695 1779 1769 timere,
1808 1715 1882 1753 ne
1918 1710 2148 1774 propter
2190 1719 2253 1758 se

334 1793 408 1850 15
447 1793 660 1851 bellum
689 1793 778 1851 his
809 1793 1237 1852 Lacedaemonii
1264 1805 1322 1852 et
1351 1792 1741 1852 Athenienses
1778 1793 2137 1865 indicerent3
2181 1797 2254 1854 ad

448 1890 782 1964 Admetum,
822 1888 1203 1966 Molossorum
1244 1910 1462 1967 regem,
1513 1910 1647 1949 cum
1689 1909 1802 1966 quo
1842 1889 1897 1949 ei
1945 1890 2253 1967 hospitium

447 1988 650 2058 fuerat,
679 1987 955 2063 confugit.
1039 1987 1178 2044 Huc
1215 2007 1393 2061 quum
1434 1988 1704 2060 venisset,
1744 1999 1803 2046 et
1846 1976 1905 2046 in
1951 1989 2255 2065 praesentia

446 2101 548 2140 rex
576 2083 837 2151 abesset3
880 2081 993 2155 quo
1028 2081 1243 2155 majore
1271 2081 1549 2156 religione
1576 2100 1638 2138 se
1660 2095 1954 2158 receptum
1976 2097 2253 2159 tueretur,

446 2176 624 2234 filiam
649 2177 773 2253 ejus
799 2176 1096 2252 parvulam
1126 2175 1383 2250 arripuit,
1411 2188 1471 2233 et
1498 2194 1632 2232 cum
1656 2177 1728 2233 eii
1749 2196 1810 2233 se
1833 2177 1893 2235 in
1916 2180 2255 2255 sacrarium,

328 2273 408 2330 20
447 2272 598 2347 quod
627 2272 852 2329 summa
879 2271 1174 2329 colebatur
1192 2270 1558 2343 caeremoniii,
1582 2271 1847 2348 conjecit.
1930 2272 2077 2332 Inde
2095 2273 2257 2352 prius

446 2387 712 2444 egressus
739 2388 855 2428 non
884 2378 991 2441 est,
1019 2365 1191 2443 quam
1239 2386 1342 2425 rex
1366 2385 1501 2425 eum
1551 2368 1686 2427 data
1733 2368 1935 2428 dextra
1982 2370 2043 2429 in
2081 2373 2256 2432 fidem

446 2466 767 2543 reciperet:
808 2486 981 2543 quam
1008 2464 1286 2542 praestitit.
1371 2464 1527 2525 Nam
1560 2457 1737 2542 quum
1783 2468 1855 2524 ab
1884 2468 2255 2529 Atheniensi-

445 2565 554 2622 bus
593 2576 651 2622 et
690 2562 1148 2622 Lacedaemoniis
1190 2576 1594 2640 exposceretur
1642 2562 1896 2641 publice,
1936 2568 2253 2643 supplicem

446 2681 564 2720 non
591 2661 861 2737 prodidit,
891 2660 1244 2735 monuitque,
1288 2666 1384 2720 ‘ut
1426 2662 1752 2720 consuleret
1792 2662 1919 2720 sibi.
2003 2664 2252 2724 Difficile

330 2759 409 2819 25
448 2759 605 2818 enirn
651 2777 797 2830 esse,
848 2758 906 2814 in
961 2769 1077 2816 tam
1119 2758 1438 2834 propinquo
1485 2759 1612 2817 loco
1658 2758 1783 2817 tuto
1821 2778 1953 2817 eum
2001 2761 2250 2824 versari.’

448 2857 651 2932 Itaque
681 2854 942 2931 Pydnam
969 2873 1102 2911 eum
1130 2854 1340 2912 deduci
1379 2854 1570 2931 jussit,
1613 2867 1690 2927 et,
1733 2875 1759 2929 q

447 2952 718 3031 praesidii,
747 2951 922 3010 dedit.
1005 2950 1125 3008 Hic
1153 2950 1212 3008 in
1241 2970 1447 3009 navem
1472 2950 1739 3009 omnibus

449 3049 550 3107 dit.
629 3049 784 3112 Quae
811 3066 987 3124 quum
1028 3059 1367 3123 tempestate
1417 3046 1666 3104 maxima
1712 3047 1759 3104 N

451 3145 553 3203 ubi
579 3157 701 3203 tum
729 3144 1177 3205 Atheniensium
1198 3155 1323 3202 erat
1349 3144 1636 3202 exercitus
1660 3165 1673 3215 3
1718 3166 1759 3203 s«

335 3245 415 3303 30
453 3244 594 3315 cles,
623 3242 672 3299 si
699 3241 769 3299 eo
797 3241 1168 3318 pervenisset,
1197 3240 1308 3298 sibi
1348 3260 1475 3298 esse
1516 3244 1759 3317 perennc·

455 3339 722 3398 cessitate
763 3351 1019 3410 coactuS,
1048 3335 1279 3395 domino
1320 3336 1503 3410 navis,
1546 3339 1645 3414 qui
1692 3338 1759 3395 sit

452 3435 752 3514 pollicens,
808 3435 857 3492 si
911 3454 971 3492 se
1019 3432 1429 3492 conservasset.
1514 3435 1595 3493 At
1648 3434 1742 3492 ille

456 3544 658 3611 captus
683 3530 1096 3604 misericordia,
1125 3528 1278 3589 diem
1320 3542 1660 3608 noctemque
1702 3531 1899 3607 procul
1951 3531 2023 3590 ab
2068 3532 2252 3591 insula
