2492 4207
325 219 403 276 66
1069 222 1588 285 EPAMINONDAS.

441 383 639 459 inquit,
667 381 1002 453 Meneclida,
1031 382 1096 439 de
1122 401 1291 441 uxore
1333 381 1470 437 mihi
1511 380 1841 457 exprobrare
1862 401 1883 436 .·
1923 401 2052 440 nam
2096 385 2226 443 nul-

440 482 549 537 lius
576 481 637 536 in
662 477 778 535 ista
805 499 865 536 re
905 476 1089 536 minias
1132 478 1219 535 uti
1261 477 1489 534 consilio
1535 477 1672 541 volo.
1755 476 2023 536 Habebat
2059 480 2223 538 enim

440 574 797 651 Meneclidas
849 573 1231 650 suspicionem
1285 571 1564 630 adulterii.
1677 570 1856 640 Quod
1904 582 2086 637 autem
2137 595 2226 633 me

438 670 901 744 Agamemnonem
953 668 1205 726 temulari
1245 675 1446 744 putas,
1481 665 1736 742 falleris.
1817 667 2075 743 Namque
2124 671 2225 727 iUe

362 766 401 821 5
440 748 557 823 ciem
583 764 847 823 universa
879 762 1110 821 Groecid
1137 764 1231 820 vix
1258 763 1436 820 decem
1452 763 1617 820 annis
1641 782 1803 820 unam
1827 764 2176 840 cepiturbem
2200 787 2223 828 ,·

439 879 539 935 ego
567 859 765 919 contra
791 858 997 917 ez‘umi
1042 858 1176 917 urbe
1216 856 1414 915 nostrd
1450 857 1643 933 dieque
1687 878 1796 915 uno
1839 867 2011 918 totam
2060 859 2224 918 Groe-

440 958 602 1029 ciam,
631 954 1071 1014 Lacedaemoniis
1082 952 1346 1031 fingatis,
1376 953 1626 1011 liberavi.

517 1051 622 1110 VI.
702 1050 865 1108 Idem
891 1052 1074 1125 quum'
1118 1050 1177 1106 in
1224 1060 1566 1108 conventum
1612 1048 1859 1107 venisset
1904 1049 2223 1129 Arcadum,

439 1160 638 1223 petens
664 1157 727 1204 ut
753 1145 1080 1204 societatem
1107 1165 1239 1223 cum
1268 1145 1567 1202 Thebanis
1591 1156 1648 1202 et
1677 1144 1906 1219 Argivis
1947 1145 2223 1217 facerent,

336 1246 404 1302 10
444 1241 750 1317 contraque
779 1242 1156 1314 Callistratus,
1206 1240 1648 1301 Atheniensium
1689 1241 1929 1316 legatuS,
1973 1241 2071 1316 qni
2109 1243 2224 1300 elo-'-

441 1337 672 1412 quentia
722 1356 920 1395 ornnes
972 1356 1041 1395 eo
1086 1336 1392 1413 praestabat
1456 1348 1728 1412 tempore,
1779 1335 2109 1411 postularet,
2162 1349 2225 1393 ut

439 1430 627 1508 potius
653 1432 961 1491 amicitiam
1008 1444 1374 1508 sequerentur
1422 1431 1768 1504 Atticorum,
1796 1443 1853 1489 et
1881 1430 1942 1489 in
1967 1431 2223 1489 oratione

441 1528 545 1586 sua
571 1528 746 1585 multa
784 1527 1042 1585 invectus
1087 1540 1238 1586 esset
1286 1528 1345 1585 in
1393 1527 1723 1585 Thebanos
1754 1538 1812 1585 et
1858 1526 2121 1602 Argivos,
2165 1527 2226 1584 in

441 1622 635 1697 eisque
684 1624 791 1680 hoc
838 1623 1149 1698 posuissem
1213 1623 1654 1681 animadvertere
1699 1622 1888 1680 debere
1933 1621 2224 1694 Arcadas,

333 1719 403 1774 15
444 1719 631 1792 quales
678 1726 915 1794 utraque
953 1711 1156 1776 civitas
1207 1720 1352 1777 cives
1389 1716 1765 1795 procreasset,
1809 1736 1870 1774 ez
1897 1710 2110 1793 'quibus
2160 1717 2227 1774 de

444 1814 656 1869 coeteris
679 1821 905 1889 possent
910 1811 1200 1888 judicare.
1282 1800 1538 1890 Argivos
1575 1815 1717 1872 enim
1736 1811 1928 1888 fuisse
1977 1811 2228 1885 Orestem

443 1917 495 1965 et
548 1909 930 1981 Alcmaeonem,
979 1911 1361 1975 matricidas3
1430 1911 1633 1970 Thebis
1694 1909 1974 1985 OEdipum
2015 1917 2224 1979 natum,

444 2004 560 2077 qui,
605 2022 769 2078 quum
800 2013 1024 2078 patrem
1070 2024 1227 2061 suum
1278 2003 1670 2078 interfecisset,
1709 2024 1771 2060 ez
1812 2013 1991 2061 matre
2034 2003 2228 2063 liberos

434 2094 804 2170 procredsset.
887 2096 1004 2153 Hic
1047 2096 1105 2153 in
1126 2097 1523 2171 respondendo
1566 2096 2012 2171 Epaminondas,
2057 2119 2229 2173 quum

330 2191 409 2247 20
447 2190 519 2248 de
546 2191 768 2247 caeteris
794 2191 1129 2266 perorasset,
1176 2202 1474 2265 postquam
1518 2191 1589 2246 ad
1630 2190 1727 2247 illa
1769 2192 1883 2248 duo
1933 2195 2234 2266 opprobria

444 2285 718 2360 pervenit,
748 2284 1025 2341 admirari
1051 2305 1106 2342 se
1133 2284 1276 2342 dixit
1302 2285 1603 2342 stultitiam
1628 2286 1866 2344 rhetoris
1897 2285 2105 2360 Attici,
2135 2292 2234 2364 qui

448 2400 557 2438 non
579 2379 1054 2452 animadverterit,
1084 2381 1397 2438 innocentes
1440 2381 1565 2439 illos
1603 2389 1801 2444 natos‚·
1844 2380 1991 2438 domi
2034 2384 2230 2440 scelere

453 2476 712 2548 admisso,
766 2493 929 2551 quum
971 2476 1178 2552 patrici
1221 2485 1398 2534 essent
1444 2478 1676 2554 expulsi,
1724 2485 1967 2552 receptos
2006 2497 2118 2536 esse
2163 2479 2230 2534 ab

451 2572 899 2629 Atheniensibus.
1008 2571 1123 2629 Sed
1180 2571 1425 2629 maxime
1479 2573 1602 2648 ejus
1673 2572 1995 2649 eloquentia
2053 2571 2227 2631 eluxit

335 2668 415 2726 25
456 2668 691 2743 Spartae,
719 2667 893 2741 legati
932 2679 1061 2724 ante
1107 2686 1358 2743 pugnam
1412 2666 1789 2726 Leuctricam.
1869 2666 2009 2728 Quo
2057 2687 2226 2743 quum

451 2762 703 2820 omnium
740 2761 1021 2819 sociorum
1068 2762 1468 2820 convenissent
1509 2763 1702 2838 legati,
1746 2782 1937 2820 coram
1981 2733 2231 2838 freque'ir-

455 2857 671 2915 tissimo
716 2854 1061 2932 legationum
1110 2868 1393 2915 conventu
1436 2856 1519 2913 sic
1567 2857 2127 2917 Lacedaemoniorum
2155 2872 2233 2933 ty-

455 2931 749 3008 rannidem
778 2951 1052 3027 coarguit,
1071 2963 1133 3009 ut
1154 2972 1269 3010 non
1292 2951 1481 3009 minus
1501 2951 1598 3009 illa
1619 2952 1870 3011 oratione
1886 2973 2018 3029 opes
2040 2972 2232 3010 eorum

458 3045 823 3118 concusserit,
870 3045 1039 3121 quam
1084 3046 1390 3105 Leuctrica
1423 3065 1632 3121 pugna.
1715 3033 1870 3106 Tum
1916 3047 2068 3105 enim
2114 3067 2235 3123 per-

343 3138 421 3194 30
461 3138 613 3210 fecit,
640 3144 788 3216 quod
815 3140 942 3218 post
973 3141 1248 3217 apparuit,
1293 3153 1355 3198 ut
1399 3141 1607 3199 auxilio
1652 3137 1929 3201 sociorum
1972 3140 2236 3220 Lacedag-

458 3233 631 3289 monii
656 3237 1023 3309 privarentur.

536 3326 672 3384 VII.
755 3331 955 3390 Fuisse
980 3332 1292 3408 patientem
1320 3351 1659 3408 suorumque
1687 3330 1935 3408 injurias·
1964 3332 2235 3389 ferentem

456 3421 683 3496 civium,
725 3425 874 3500 quod
904 3448 963 3487 se
1005 3427 1200 3504 patriae
1243 3427 1412 3488 irasci
1457 3429 1616 3512 negas
1643 3446 1780 3486 ,esse
1822 3427 2072 3495 duceret,
2116 3425 2238 3482 haec
