2492 4207
791 244 854 292 T.
875 225 1294 292 POMPONIUS
1327 241 1648 292 ATTicus.
2122 234 2232 291 109

404 403 514 462 III.
597 403 670 461 In
710 403 976 462 omnibus
1025 403 1196 461 rebus
1237 403 1512 478 singulari
1560 403 1664 462 fuit
1714 403 2020 480 prudentia
2059 415 2117 461 et

318 499 621 558 industria.
704 497 858 556 Nam
884 511 943 558 et
971 499 1223 575 agricola
1243 499 1439 570 solers,
1457 510 1516 575 et
1530 499 1856 575 reipublicae
1879 499 2115 575 peritus,

311 606 378 654 et
398 596 544 673 juris
573 597 886 668 consultus,
913 606 993 653 ·et
1046 613 1288 670 magnus
1342 594 1664 670 imperator,
1705 606 1763 652 et
1808 594 2116 671 probabilis

309 703 529 765 orator,
566 703 624 750 et
651 691 1075 768 ,cupidissimus
1119 690 1434 749 litterarum
1483 689 1604 747 fuit.
1685 689 1949 769 Quarum
2003 702 2117 748 stu-

311 788 481 845 dium
510 787 617 847 etsi
654 788 840 845 senior
886 786 1217 864 arripuerat,
1267 798 1459 853 tamen
1501 798 1724 844 tantum
1768 785 1827 843 in
1867 786 1951 844 eis
1991 806 2115 863 pro-
2154 787 2193 844 5

303 901 579 958 gressum
608 883 762 956 fecit,
793 894 854 941 ut
897 903 1013 943 non
1067 881 1234 941 facile
1280 882 1528 958 reperire
1568 881 1771 960 possiS,
1818 901 2001 957 neque
2044 883 2116 940 de

314 977 559 1051 Graecis„
588 997 773 1054 neque
795 979 867 1036 de
896 977 1115 1037 Italicis
1135 979 1326 1050 rebus,
1354 979 1503 1053 quod
1542 977 1600 1035 ei
1647 976 1816 1036 fuerit
1863 976 2117 1053 incogni-

312 1084 457 1132 tum.
566 1074 662 1135 Ab
742 1068 1128 1132 adolescentia
1196 1073 1446 1139 confecit
1516 1073 1818 1131 orationes».
1929 1072 2118 1131 Senex

309 1169 582 1229 historias
632 1170 885 1229 scribere
909 1169 1191 1243 instituit,
1235 1188 1474 1245 quarum
1522 1182 1654 1228 sunt
1700 1168 1831 1236 libri
1878 1180 2113 1245 septem.

307 1267 543 1326 Primus
565 1267 824 1345 continet
850 1286 941 1324 res
973 1278 1163 1343 gestas
1209 1285 1410 1343 regum
1456 1266 1649 1343 populi
1696 1265 2003 1334 Romani3>
2032 1285 2118 1324 se-
2159 1266 2234 1324 10

309 1352 541 1421 cundu's
568 1376 626 1422 et
653 1364 873 1436 tertiuS,
895 1363 1049 1419 unde
1076 1381 1313 1438 quaeque
1341 1361 1544 1420 civitas
1580 1372 1706 1420 orta
1752 1361 1825 1421 sit
1871 1360 2113 1430 Italica3

308 1459 391 1518 ob
418 1478 587 1535 quam
634 1478 756 1516 rem
800 1478 997 1517 omnes
1040 1456 1314 1535 Origines
1361 1458 1582 1517 videtur
1628 1458 1957 1534 appellasse.
2042 1456 2114 1514 In

289 1566 517 1630 ‘quarto
570 1565 760 1612 autem
805 1555 1017 1612 bellum
1086 1554 1389 1613 Poenicum
1461 1553 1746 1629 primum3
1809 1552 1868 1609 in
1916 1553 2115 1628 quinto

307 1651 651 1713 secundum.
735 1651 925 1726 Atque
955 1651 1081 1706 haec
1120 1649 1320 1709 omnia
1367 1647 1720 1723 capitulatim
1768 1659 1902 1719 sunt
1942 1648 2112 1711 dicta.

306 1744 676 1821 Reliquaque
697 1746 854 1821 *bella
899 1743 1027 1819 pari
1071 1743 1239 1799 modo
1286 1753 1623 1817 persecutus
1658 1753 1774 1814 est,
1823 1761 2001 1816 usque
2045 1743 2116 1799 ad
2161 1743 2232 1800 15

303 1850 618 1917 praeturam
660 1840 783 1897 Ser.
825 1839 1047 1910 Galbae‚
1095 1837 1193 1912 qui
1239 1836 1477 1911 diripuit
1517 1836 1857 1919 Lusitanosx'
1925 1839 2116 1913 Atque

307 1937 519 1993 horum
546 1934 823 1992 bellorum
850 1934 1029 1991 duces
1049 1951 1165 1991 non
1195 1931 1661 2015 nominavithsed
1710 1932 1834 1990 sine
1877 1933 2118 1991 nomini-

306 2030 425 2088 bus
451 2049 543 2088 res
568 2020 799 2093 notavit.
881 2028 954 2086 In
983 2027 1186 2089 iisdem
1214 2027 1496 2103 exposuit,
1524 2044 1649 2105 quae
1678 2027 1737 2086 in
1765 2028 1935 2086 Italia
1983 2029 2117 2087 His-

303 2126 611 2205 paniisque
683 2125 1008 2183 vi'derentur
1089 2124 1461 2182 admiranda:
1530 2124 1590 2182 in
1658 2125 1863 2201 quibus
1938 2127 2118 2186 multa

306 2221 593 2281 industria
619 2232 678 2279 et
704 2220 1001 2298 diligentia
1046 2208 1357 2296 comparet,
1407 2221 1586 2279 multa
1632 2221 1906 2288 doctrina.
1991 2222 2117 2280 Hu-
2153 2224 2232 2282 20

302 2318 405 2395 jus
431 2319 502 2375 de
530 2318 647 2376 vita
672 2329 730 2376 et
755 2317 1009 2376 moribus
1034 2317 1199 2392 plura
1225 2316 1286 2373 in
1315 2335 1384 2374 eo
1411 2316 1559 2374 libro
1581 2317 1867 2393 persecuti
1897 2337 2111 2388 sumus,

308 2433 485 2491 quem
514 2413 818 2489 separatim
858 2414 930 2470 de
972 2432 1043 2470 eo
1090 2411 1333 2469 fecimus
1385 2424 1587 2488 rogatu
1640 2412 1766 2469 Titi
1813 2412 2113 2487 Pomponii

313 2507 519 2566 Attici.
600 2507 801 2569 Quare
829 2506 1111 2566 studiosos
1138 2505 1378 2565 Catonis
1404 2506 1477 2563 ad
1524 2505 1664 2563 illud
1708 2506 1971 2565 volumen
2018 2508 2113 2563 de-

314 2604 594 2680 legamus

398 2945 595 3045 xxv.
676 2986 767 3045 T.
831 2941 2048 3046 POMPoN'IUs‘ATTlcUS.

396 3177 446 3236 Ι.
542 3177 716 3236 Titus
773 3176 1120 3253 Pomponius
1179 3178 1430 3252 Atticus,
1492 3179 1572 3236 *ab
1638 3177 1861 3255 origine
1912 3179 2113 3239 ultima
2149 3177 2229 3237 25

317 3273 505 3351 stirpis
531 3274 816 3333 Romanae
843 3285 1168 3349 generatus,
1193 3273 1471 3352 perpetuo
1505 3294 1539 3331 a
1564 3272 1889 3350 majoribus·
1913 3296 2114 3353 accep-

319 3359 434 3430 tam
459 3383 780 3447 equestrem
806 3369 1052 3429 obtinuit
1078 3371 1432 3447 dignitatem.
1517 3370 1685 3428 Patre
1714 3391 1861 3430 usus
1876 3385 1962 3431 est
1987 3369 2112 3428 dili-

319 3480 508 3542 gente,
538 3467 893 3545 indulgente,
922 3477 999 3540 et,
1028 3479 1090 3525 ut
1115 3479 1236 3526 tum
1264 3479 1426 3525 erant
1455 3478 1728 3544 tempora,
1758 3469 1880 3542 diti,
1926 3465 2114 3542 impri-

723 3564 797 3621 10
