2492 4207
911 257 1355 310 ALCIBIADES.
1695 254 1702 255 7
2061 252 2133 312 31

241 430 507 497 coeperat,
535 436 724 494 neque
750 417 900 477 terra
925 438 1110 495 neque
1137 419 1283 477 mari
1303 421 1492 478 hostes
1505 437 1672 496 pares
1686 436 1813 477 esse
1831 430 2026 496 potue-

238 527 382 598 rant.
465 514 585 573 Hic
613 526 678 573 ut
702 514 832 573 navi
858 532 1122 591 egressus
1146 526 1254 588 est,
1284 533 1604 590 quanquam
1630 513 2027 574 Theramenes

235 622 295 670 et
320 611 966 688 Thrasybuluseisdem
986 610 1156 669 rebus
1175 610 1541 687 praemeruit,
1563 610 1839 689 simulque
1860 629 2028 670 vene-

234 719 370 765 rant
414 708 474 765 in
507 707 784 778 Piraeum;
825 718 1019 764 tamen
1064 706 1224 764 illum
1266 715 1446 763 unum
1493 724 1691 763 omnes
1730 725 2028 783 proseque-

234 802 472 877 bantur,
510 813 586 876 et,
622 802 679 859 id
721 803 872 877 quod
912 821 1206 878 nunquam
1249 813 1420 860 antea
1464 819 1574 859 usu
1624 812 1872 876 venerat,
1915 802 2028 861 nisi
2064 803 2106 859 5

235 897 524 975 Olympiae
549 898 876 972 victoribus,
905 898 1129 957 coronis
1161 897 1349 955 aureis
1391 896 1676 972 aenejsque
1722 897 1889 974 vulgo
1933 898 2028 957 do-

238 993 497 1052 nabatur.
580 994 686 1052 Ille
738 994 1046 1053 lacrimans
1097 994 1269 1052 talem
1321 992 1775 1052 benevolentiam
1821 993 2028 1057 civium

236 1109 470 1149 suorum
499 1091 836 1168 accipiebat,
865 1090 1240 1148 reminiscens
1266 1088 1489 1166 pristini
1516 1089 1786 1166 temporis
1818 1089 2030 1147 acerbi·

234 1197 433 1244 tatem.
513 1187 822 1262 Postquam
876 1197 1002 1244 astu
1054 1186 1227 1260 venit,
1282 1185 1565 1245 concione
1619 1186 1895 1245 advocata
1948 1185 2032 1243 sic

234 1277 414 1341 vei-ba
441 1283 597 1357 fecit,
628 1293 694 1340 ut
719 1300 892 1340 nemo
918 1293 1033 1340 tam
1062 1284 1215 1341 ferus
1248 1282 1436 1356 fuerit,
1483 1281 1620 1358 quin
1666 1282 1790 1359 ejus
1832 1300 2030 1340 casum
2075 1283 2147 1340 10

234 1378 569 1453 lacrimarit,
599 1377 1008 1454 inimicumque
1036 1378 1131 1436 his
1153 1398 1214 1436 se
1239 1379 1572 1451 ostenderit,
1594 1397 1831 1454 quorum
1857 1378 2032 1454 opera

233 1476 419 1551 patria
467 1476 717 1552 pulsus„
710 1475 913 1548 fuerat,
959 1474 1199 1553 proinde
1250 1494 1319 1533 ac
1366 1475 1416 1532 si
1458 1475 1602 1533 alius
1641 1476 1883 1552 populus
1914 1494 2030 1533 non

237 1572 335 1630 ille
388 1570 530 1648 ipse,
584 1554 851 1648 qusslzum
903 1570 1097 1645 flebat,
1150 1590 1285 1629 eum
1339 1570 1624 1647 sacrilegii
1684 1570 2026 1629 damnasset.

237 1667 535 1726 Restituta
585 1686 722 1745 ergo
774 1666 913 1725 huic
979 1678 1113 1725 sunt
1168 1664 1412 1743 publice
1480 1666 1681 1736 bona3
1750 1666 2033 1743 iidemque

238 1762 321 1821 illi
349 1763 706 1840 Eumolpidae
733 1763 1060 1821 sacerdotes
1086 1781 1281 1820 rursus
1316 1781 1606 1820 resacrare
1649 1774 1782 1821 sunt
1826 1763 2032 1835 coacti,
2078 1764 2150 1819 15

237 1859 336 1935 qui
390 1878 526 1917 eum
577 1857 957 1926 devoverant3
997 1856 1239 1932 pilaeque
1283 1856 1414 1928 illae,
1457 1857 1519 1914 in
1562 1857 1768 1931 quibus
1815 1857 2036 1915 devotio

241 1957 429 2012 fuerat
457 1952 688 2028 scripta,
717 1951 778 2009 in
800 1969 956 2008 mare
981 1950 1364 2026 praecipitatae.

321 2047 462 2106 VII.
546 2045 692 2106 Haec
719 2045 1011 2105 Alcibiadi
1046 2045 1244 2105 laetitia
1280 2065 1396 2105 non
1423 2045 1595 2105 nimis
1621 2046 1727 2106 fuit
1753 2046 2034 2107 diuturna.

137 2209 141 2213 ,
242 2142 400 2201 Nam
431 2162 607 2219 quum
654 2142 710 2201 ei
751 2161 952 2201 omnes
995 2152 1189 2201 essent
1236 2144 1482 2202 honores
1528 2143 1764 2217 decreti,
1808 2155 2037 2219 totaque

243 2238 569 2317 respublica
594 2238 749 2298 domi
770 2237 1017 2313 bellique
1044 2238 1271 2311 tradita,
1301 2248 1365 2297 ut
1391 2237 1563 2296 unius
1606 2238 1839 2298 arbitrio
1879 2258 2038 2317 gere·
2073 2240 2152 2298 20

245 2346 399 2394 retur
421 2355 436 2405 3
478 2346 538 2394 et
564 2333 684 2412 ipse
710 2333 1072 2410 postulasset,
1100 2345 1164 2392 ut
1190 2334 1306 2392 duo
1332 2333 1442 2391 sibi
1482 2335 1716 2411 collegae
1744 2336 2035 2409 darentur,

245 2427 642 2507 Thrasybulus
683 2441 741 2487 et
794 2428 1163 2501 Adimantus,
1205 2446 1392 2503 neque
1445 2428 1504 2485 id
1545 2442 1818 2505 negatum
1853 2443 2034 2489 esset:

247 2527 429 2585 classe
452 2526 572 2603 jam
600 2526 662 2582 in
683 2523 888 2582 Asiam
913 2525 1221 2600 profectus,
1250 2522 1402 2598 quod
1431 2524 1580 2600 apud
1602 2524 1825 2599 Cymen
1846 2515 2040 2583 minus

246 2641 322 2680 ex
347 2620 634 2680 sententia
679 2639 802 2677 rem
838 2630 1110 2695 gesserat,
1155 2617 1215 2676 in
1254 2617 1524 2675 invidiam
1571 2618 1792 2677 recidit.
1874 2616 2038 2678 Nihil

248 2715 407 2775 enim
433 2734 566 2772 eum
592 2734 707 2773 non
735 2714 962 2773 efficere
988 2734 1153 2792 posse
1181 2714 1486 2773 ducebant.
1567 2715 1657 2773 Ex
1693 2735 1805 2792 quo
1846 2716 2036 2790 fiebat,
2075 2718 2155 2777 25

250 2823 316 2870 ut
340 2809 535 2870 omnia
559 2809 748 2870 minus
787 2829 1054 2887 prospere
1103 2823 1264 2888 gesta
1307 2811 1432 2887 ejus
1478 2812 1658 2889 culpae
1704 2812 2036 2886 tribuerent,

249 2925 427 2985 quum
447 2925 580 2964 eum
607 2918 704 2967 aut
744 2907 1101 2984 negligenter
1146 2919 1242 2965 aut
1283 2906 1561 2966 malitiose
1610 2908 1814 2966 fecisse
1836 2862 2040 2983 'loque-

250 3016 483 3063 rentur·
541 3002 689 3061 sicut
737 3015 858 3062 tum
913 3002 1140 3061 accidit.
1222 3002 1375 3062 Nam
1422 3015 1748 3080 corruptum
1796 3022 1831 3060 a
1872 3002 2038 3082 Rege

256 3118 462 3177 capere
490 3098 1010 3178 Cymennoluisse,
1050 3099 1382 3175 arguebant.
1464 3099 1666 3174 Itaque
1709 3099 1845 3158 huic
1886 3120 2040 3161 max-

257 3194 371 3254 ime
422 3209 692 3273 putamus
745 3195 892 3253 malo
944 3195 1118 3254 fuisse
1171 3194 1406 3254 nimiam
1453 3196 1777 3272 opinionem
1822 3196 2038 3274 ingenii
2076 3199 2156 3255 3⁰

259 3303 425 3368 atque
453 3291 691 3351 virtutis,
775 3288 1113 3349 Timebatur
1139 3290 1296 3349 enim
1323 3311 1440 3351 non
1481 3289 1691 3364 minim,
1718 3289 1887 3368 quain
1915 3293 2039 3352 dili-

257 3389 495 3465 gebatur
520 3409 533 3458 ;
575 3407 670 3461 ne,
699 3385 953 3446 secunda
981 3387 1206 3445 fortuna
1231 3388 1567 3464 magnisque
1593 3387 1794 3463 opibus
1835 3389 2035 3459 elatuS‚

258 3484 617 3560 tyrannidem
659 3480 1106 3558 concupisceret.
1186 3483 1419 3544 Quibus
1466 3483 1634 3541 rebus
1678 3483 1890 3543 factum
1932 3495 2037 3555 est,
