2492 4207
1010 365 1359 417 EUMENES.
2100 357 2177 414 79

289 525 343 583 in
370 544 442 584 ea
461 537 735 601 tempora,
756 523 959 599 quibus
1002 524 1353 584 Macedones
1399 524 1678 599 florerent,
1725 525 1966 586 multum
2007 529 2063 586 ei

285 622 529 680 detraxit
556 621 702 678 inter
748 621 850 678 hos
896 620 1125 692 viventi,
1168 619 1324 696 quod
1372 620 1570 678 alienae
1615 633 1735 678 erat
1781 622 2062 693 civitatis3

284 734 471 790 neque
520 714 672 772 aliud
717 714 855 772 huic
895 715 1093 787 defuit,
1139 714 1311 791 quam
1357 733 1635 791 generosa
1675 715 1853 791 stirps.
1939 717 2067 776 Etsi

287 809 383 867 ille
424 809 735 868 domestico
769 828 991 868 summo
1026 829 1235 885 genere
1290 822 1430 882 erat,
1479 821 1671 867 tamen
1719 808 2066 877 Macedones

289 923 422 962 eum
463 905 572 962 sibi
619 905 918 980 aliquando
967 905 1233 981 anteponi
1276 903 1512 981 indigne
1556 904 1845 974 ferebant;
1883 925 2065 982 neque
2103 910 2145 966 5

289 1011 480 1058 tamen
521 1019 636 1067 non
681 999 1056 1075 patiebantur.
1137 1000 1425 1058 Vincebat
1470 1000 1624 1057 enim
1668 1019 1865 1058 omnes
1911 1002 2066 1074 cura,

287 1095 601 1172 vigilantia,
653 1095 948 1171 patientia,
1005 1095 1332 1168 calliditate,
1386 1107 1445 1154 et
1491 1095 1808 1155 celeritate>
1836 1095 2068 1171 ingenii.

289 1190 407 1248 Hic
442 1191 1001 1266 peradolescentulus
1045 1190 1115 1247 ad
1165 1190 1475 1249 amicitiam
1521 1191 1765 1250 accessit
1805 1191 2070 1267 Philippi,

291 1285 554 1361 Amyntae
600 1286 723 1359 filii,
779 1285 1045 1360 brevique
1096 1297 1347 1361 tempore
1400 1285 1459 1342 in
1514 1286 1773 1345 intimam
1817 1285 2072 1362 pervenit
2153 1328 2156 1329 ν

292 1368 748 1479 familiaritatem.
834 1379 1113 1457 Fulgebat
1158 1380 1314 1439 enim
1362 1381 1480 1458 jam
1534 1381 1593 1438 in
1650 1381 2071 1441 adolescentulo
2116 1382 2189 1438 10

293 1476 512 1534 indoles
539 1474 778 1534 virtutiS.
860 1474 1059 1552 Itaque
1087 1496 1220 1535 eum
1253 1477 1552 1534 habuit‘ad
1597 1496 1828 1535 manum
1870 1477 2073 1535 scribae

290 1572 445 1640 loco;
488 1572 636 1646 quod
664 1569 841 1630 multo
872 1573 1021 1648 apud
1036 1572 1253 1630 'Graios
1281 1570 1745 1629 honorificentius
1770 1582 1875 1643 est,
1904 1569 2073 1646 quam

293 1666 440 1741 apud
468 1666 779 1725 Romanos.
863 1665 1016 1723 Nam
1044 1666 1194 1740 apud
1222 1685 1347 1737 nos,
1369 1662 1565 1722 revera
1586 1665 1740 1723 sicut
1762 1676 2075 1737 sunt,.mer-

291 1759 505 1817 cenarii
559 1762 760 1818 scribae
814 1760 1209 1817 existimantur
1229 1762 1278 1828 33
1304 1769 1361 1817 at
1419 1760 1566 1834 apud
1620 1759 1746 1818 illos
1791 1758 2074 1818 contrario

292 1874 459 1911 nemo
507 1856 578 1911 ad
626 1854 684 1911 id
724 1853 976 1910 officium
1012 1853 1346 1924 admittitur,
1395 1853 1505 1909 nisi
1547 1855 1786 1911 honesto
1831 1856 1979 1926 loco,
2021 1866 2077 1912 et
2120 1856 2194 1911 15

293 1948 426 2017 fide,
473 1959 531 2005 et
578 1946 856 2004 industria
904 1946 1172 2022 cognita:
1214 1945 1368 2021 quod
1413 1966 1648 2004 necesse
1689 1960 1794 2020 est,
1826 1949 2078 2006 omniurn

274 2040 660 2099 ,consiliorum
687 2059 819 2098 eum
847 2060 972 2098 esse
1007 2040 1361 2118 participem.
1445 2041 1621 2100 Hunc
1667 2043 1856 2101 locum
1899 2043 2080 2102 tenuit

296 2136 560 2194 amicitiae
590 2138 739 2213 apud
766 2136 1090 2213 Philippum
1117 2145 1298 2197 ann'os
1325 2151 1556 2214 septem.
1641 2139 1747 2198 Illo
1783 2140 2083 2199 interfecto

296 2233 496 2290 eodem
542 2232 722 2308 gradu
770 2232 875 2291 suit
921 2233 1069 2309 apud
1118 2234 1512 2292 Alexandrum
1562 2253 1740 2293 annos
1785 2235 2075 2293 tredecim.

296 2324 620 2386 Novissime
646 2339 895 2404 tempore
940 2329 1164 2405 praefuit
1210 2330 1383 2390 etiam'
1428 2330 1615 2388 alterae
1658 2331 1911 2407 equitum
1933 2321 2080 2404 alae,
2117 2330 2198 2388 2⁰

297 2442 419 2497 quae
447 2423 735 2482 Hetaerice
764 2423 1164 2498 appellabatur.
1246 2423 1483 2498 Utrique
1513 2435 1700 2480 autem
1749 2425 1808 2480 in
1845 2425 2082 2482 consilio

299 2537 518 2595 semper
547 2518 747 2590 adfuit,
775 2528 834 2575 et
857 2517 1113 2574 omnium
1158 2535 1347 2575 rerum
1396 2517 1623 2574 habitus
1656 2528 1743 2575 est
1783 2517 2079 2594 particeps.

378 2612 458 2670 II.
542 2605 871 2672 Alexandro
899 2601 1189 2688 Babylone
1217 2623 1457 2684 mortuo,
1485 2631 1659 2687 quum
1684 2614 1868 2689 regna¹
1892 2612 2083 2690 singu-

301 2708 371 2765 lis
399 2708 767 2766 familiaribus
789 2708 1239 2784 dispartirentur,
1278 2719 1336 2765 et
1382 2727 1603 2766 summa
1642 2728 1831 2766 rerum
1877 2708 2085 2767 tradita

301 2814 452 2861 esset
492 2804 705 2861 tuenda
749 2804 958 2876 eidem,
1001 2803 1096 2860 cui
1144 2804 1471 2861 Alexander
1518 2803 1766 2862 moriens
1809 2805 2098 2862 annulum.
2119 2806 2198 2862 25

301 2918 467 2957 suum
502 2901 764 2973 dederat,
813 2899 1135 2969 Perdiccae3
1179 2919 1251 2957 ex
1298 2919 1408 2974 quo
1453 2919 1652 2957 omnes
1698 2899 2082 2974 conjecerant,

301 3015 433 3053 eum
460 3015 701 3073 regnum
728 2997 783 3054 ei
812 2995 1265 3067 commendasse,
1292 2995 1475 3069 quoad
1516 2994 1680 3052 liberi
1706 2995 1830 3070 ejus
1847 2994 2085 3053 in-suam

302 3093 537 3150 tutelam
565 3092 982 3169 pervenissent3
1029 3091 1295 3167 (aberant
1321 3090 1474 3150 enim
1522 3084 1810 3162 Craterus,
1838 3103 1896 3149 et
1924 3092 2088 3150 Anti-

302 3198 478 3264 pater,
527 3188 624 3264 qui
663 3188 998 3245 antecedere
1046 3189 1200 3244 hunc
1251 3186 1616 3256 videbantur3
1673 3198 1927 3245 mortuus
1966 3199 2087 3245 erat
2177 3246 2184 3252 ,

305 3282 662 3360 Hephaestio,
684 3301 853 3359 quem
880 3302 1056 3339 unum
1085 3284 1434 3356 Alexander,
1462 3283 1612 3358 quod
1641 3281 1807 3340 facile
1847 3283 2088 3359 intelligi
2125 3283 2201 3339 3⁰

304 3389 512 3453 posset,
539 3378 769 3455 plurimi
797 3380 1010 3436 fecerat
1033 3379 1074 3456 ς)
1118 3381 1227 3462 hoc
1255 3390 1507 3454 tempore
1544 3378 1677 3435 data
1716 3389 1803 3436 est
1843 3377 2090 3437 Eumeni

308 3473 688 3550 Cappadocia,
718 3474 834 3532 sive
861 3471 1048 3550 potius
1075 3473 1230 3532 dicta
1252 3494 1265 3543 3
1308 3493 1441 3531 nam
1468 3485 1588 3531 tum
1615 3472 1676 3530 in
1702 3473 1948 3532 hostium
1969 3482 2089 3529 erat

308 3580 598 3644 potestate.
708 3569 884 3627 Hunc
936 3568 1044 3627 sibi
1110 3568 1416 3626 Perdiccas
1486 3567 1818 3644 adjunxerat
1885 3584 2092 3641 magno
