2492 4207
280 260 391 319 ΠΒ
789 280 792 281 ’
1177 268 1382 318 CATO.

394 431 590 489 habuit
639 430 936 505 collegam,
991 438 1055 485 ut
1102 425 1183 484 M.
1233 427 1521 506 Perperna
1573 424 1883 485 Censorius
1939 408 2176 484 narrare

392 526 586 585 solitus
625 537 731 597 est,
780 525 1028 582 Romam
1055 522 1410 598 demigravit,
1460 521 1520 578 in
1567 521 1794 596 foroque
1821 539 1950 578 esse
1977 522 2165 598 coepit.

391 621 642 679 Primum
670 618 1014 695 stipendium
1041 618 1245 676 meruit
1275 635 1552 676 annorum
1578 618 1779 674 decem
1823 627 2168 692 septemque,

388 716 468 778 Q.
498 715 681 773 Fabio
708 714 979 787 Maximo,
1007 712 1089 771 M.
1121 712 1367 771 Claudio
1404 712 1677 770 Marcello
1709 701 1881 770 ‘Coss
1965 713 2170 770 Tribu-

312 813 353 870 5
390 830 500 868 nus
527 810 768 867 militum
796 809 855 866 in
884 809 1083 866 Sicilia
1111 809 1231 868 fuit.
1317 807 1461 865 Inde
1488 819 1552 866 ut
1577 807 1764 880 rediit,
1794 819 1981 866 castra
2017 826 2170 866 secu-

392 918 483 964 tus
504 916 591 962 est
616 904 683 962 C.
714 903 941 962 Claudii
969 903 1217 961 Neronis
1239 925 1253 973 3
1296 903 1600 979 magnique
1627 903 1751 978 ejus
1777 921 1949 978 opera
1987 903 2174 962 existi-

391 1012 544 1059 mata
569 1010 657 1057 est
683 998 741 1056 in
768 999 965 1075 proelio
993 986 1142 1075 apud
1172 1000 1405 1073 Senam,
1433 1018 1544 1074 quo
1571 998 1782 1057 cecidit
1827 997 2174 1074 Hasdrubal,

393 1096 562 1154 frater
585 1094 943 1152 Hannibalis.
1022 1095 1295 1171 Quaestor
1329 1094 1532 1170 obtigit
1573 1094 1636 1150 P.
1678 1093 1954 1165 ‘Cornelio
1994 1093 2176 1169 Scipi-

391 1191 491 1249 oni
516 1190 810 1263 Africano‚
840 1174 1097 1259 consuli3
1141 1209 1273 1248 cum
1300 1209 1411 1265 quo
1431 1209 1546 1247 non
1585 1172 1687 1264 p’ro
1728 1188 1891 1246 sortis
1933 1187 2174 1249 necessi-

284 1287 357 1344 10
394 1285 590 1345 tudine
631 1284 783 1342 vixit.
867 1283 1129 1359 Namque
1179 1285 1250 1341 ab
1292 1304 1361 1342 eo
1407 1284 1683 1360 perpetua
1730 1282 1998 1341 dissensit
2045 1283 2174 1342 vita.

400 1379 610 1437 AEdilis
650 1378 832 1454 plebis
881 1379 1064 1436 factus
1104 1389 1191 1453 est
1232 1397 1365 1436 cum
1393 1379 1460 1436 C.
1506 1378 1729 1436 Helvio.
1809 1377 2023 1436 Praetor
2057 1399 2180 1455 pro-

394 1473 641 1532 vinciam
666 1474 911 1533 obtinuit
935 1473 1278 1548 Sardiniam,
1300 1494 1377 1532 ex
1415 1475 1528 1550 qua
1573 1475 1843 1537 Quaestor
1891 1475 2174 1551 superiore

395 1583 647 1646 tempore
667 1588 738 1626 ex
765 1569 967 1627 Africa
993 1570 1281 1628 decedens
1304 1570 1384 1631 Q.
1415 1569 1670 1626 Ennium
1709 1573 1937 1646 poetam
1965 1571 2175 1627 dedux-

395 1677 555 1724 erat:
613 1665 761 1739 quod
810 1684 924 1722 non
972 1664 1207 1724 minoris
1249 1666 1611 1737 aestimamuS,
1660 1663 1832 1740 quam
1877 1665 2180 1740 quemlibet

286 1762 359 1820 15
399 1760 805 1837 amplissimum
834 1760 1260 1819 Sardiniensem
1285 1761 1648 1837 triumphurn.
2118 1815 2123 1819 .

476 1856 558 1914 II.
639 1856 1015 1915 Consulatum
1036 1857 1212 1933 gessit
1238 1876 1371 1915 cum
1394 1857 1459 1915 L.
1489 1857 1719 1915 Valerio
1741 1857 1953 1917 Flacco
1977 1879 1990 1928 ;
2032 1869 2179 1916 sorte

397 1952 747 2029 provinciam
775 1964 978 2011 nactus
1008 1953 1345 2029 Hispaniam
1375 1953 1713 2026 citeriorem,
1757 1972 1959 2035 exque·
1982 1955 2052 2017 ea
2091 1953 2184 2012 tri-

400 2049 672 2124 umphum
720 2048 1048 2124 deportavit.
1133 2049 1232 2123 Ibi
1264 2058 1440 2124 'quum
1483 2049 1697 2108 diutius
1742 2062 2070 2124 moraretur,
2116 2049 2180 2108 P.

402 2142 595 2217 Scipio
624 2143 934 2200 Africanus
962 2143 1176 2200 Consul
1206 2143 1431 2217 iterum,
1460 2145 1623 2220 cujus
1650 2146 1711 2203 in
1756 2146 1938 2222 priore
1981 2158 2182 2204 consu·

285 2237 363 2294 20
399 2236 518 2293 latu
546 2247 788 2311 quaestor
816 2237 1017 2309 fuerat,
1046 2238 1222 2295 voluit
1246 2256 1379 2296 eum
1426 2240 1497 2296 de
1544 2241 1833 2316 provincia
1880 2241 2182 2317 depellere,

400 2342 458 2390 et
505 2330 624 2408 ipse
670 2331 726 2390 ei
769 2331 1094 2391 succedere.
1175 2333 1380 2410 Neque
1420 2336 1530 2394 hoc
1555 2356 1655 2412 per
1683 2323 1937 2396 senatum
1959 2337 2183 2395 efficere

401 2428 602 2505 potuit,
649 2446 822 2505 quum
874 2430 1105 2506 quidem
1159 2430 1355 2509 Scipio
1408 2431 1467 2489 in
1521 2432 1748 2491 civitate
1806 2434 2182 2511 principatum

404 2524 713 2596 obtineret3
754 2524 905 2602 quod
932 2538 1052 2584 tum
1081 2546 1195 2585 non
1222 2528 1495 2604 potentia,
1525 2529 1625 2586 sed
1669 2528 1817 2604 jure,
1867 2529 2184 2606 respublica

407 2620 918 2679 administrabatur.
996 2621 1136 2683 Qua
1162 2641 1234 2678 ex
1261 2641 1322 2679 re
1350 2622 1545 2696 iratus„
1595 2625 1893 2681 consulatu
1937 2636 2183 2707 peracte,

291 2716 369 2773 25
407 2713 655 2791 privatus
683 2715 742 2771 in
770 2716 908 2772 urbe
936 2716 1158 2774 mansit.
1242 2717 1323 2793 At
1349 2717 1514 2789 Cato,
1559 2736 1764 2775 censor
1806 2737 1938 2776 cum
1987 2722 2180 2778 eodem

408 2809 619 2868 Flacco
642 2811 842 2881 factuS‚
871 2807 1063 2867 severe
1090 2811 1316 2886 praefuit
1360 2812 1415 2869 ei
1460 2813 1742 2889 potestati.
1825 2813 1978 2871 Nam
2021 2827 2079 2874 et
2126 2815 2183 2872 in

408 2909 724 2984 complures
743 2907 963 2965 nobiles
990 2908 1404 2982 animadvertit,
1432 2921 1490 2968 et
1516 2911 1747 2976 multas.
1768 2931 1860 2969 res
1907 2932 2091 2971 novasv
2125 2912 2183 2972 in

407 3003 654 3061 edictum
685 3002 920 3075 addidit,
959 3021 1133 3078 quare
1174 3005 1398 3063 luxuria
1442 3005 1859 3081 reprimeretur,
1901 3026 2022 3082 quae
2063 3007 2182 3083 jam

408 3108 529 3153 tum
583 3098 892 3174 incipiebat
942 3098 1234 3173 pullulare.
1343 3100 1586 3159 Cir-citer
1651 3121 1830 3162 annos
1880 3101 2184 3180 octoginta,

296 3191 374 3250 30
411 3209 587 3264 usque
616 3193 687 3249 ad
715 3199 1023 3251 extremam
1050 3204 1273 3251 aetatem
1301 3195 1372 3251 ab
1417 3197 1822 3271 adolescentia,
1866 3197 2187 3274 reipublicae

411 3284 596 3366 causa·
635 3287 922 3364 suscipere
969 3287 1296 3356 inimicitias
1367 3309 1481 3348 non
1549 3291 1782 3351 destitit.
1891 3295 1948 3351 A
2001 3294 2189 3352 multis

414 3391 679 3453 tentaturi,
707 3377 817 3440 non
862 3381 1029 3441 modo
1057 3383 1274 3441 nullum
1321 3385 1722 3445 detrimentum
1761 3389 2190 3449 existimationis

415 3476 569 3550 fecit,
597 3477 716 3551 sed,
744 3480 926 3554 quoad
954 3478 1110 3553 vixit,
1137 3480 1404 3539 virtutum
1430 3482 1599 3540 laude
1626 3483 1832 3560 crevit.-
