2492 4207
940 280 1291 331 DATAmns.
1547 254 1564 271 ’
2059 277 2136 335 55

250 462 417 518 quam
471 442 729 500 incolunt
780 429 1103 515 Leucosyri.
1201 439 1471 499 Datames
1522 441 1762 501 militare
1807 461 2021 523 munus

250 540 513 615 fungenS,
566 535 829 613 primum,
877 535 1056 611 qualis
1103 545 1271 606 esset,
1328 535 1543 610 aperuit
1578 537 1637 595 in
1678 538 1844 611 bello,
1872 538 2022 613 quod

248 633 385 691 Rex
440 629 705 690 adversus
757 630 1038 689 Cadusios
1089 629 1280 705 gessit.
1383 628 1642 705 Namque
1695 631 1790 689 hic
1832 632 2023 690 multis

248 728 507 786 millibus
556 727 869 803 Regiorum
910 724 1253 797 interfectiS,
1283 712 1476 801 magni
1530 725 1635 784 fuit
1685 727 1806 803 ejus
1835 746 2021 804 opera.

247 823 393 885 Quo
437 823 645 883 factum
686 833 790 895 est,
837 832 919 893 ut,
960 839 1132 895 quum
1180 820 1239 878 in
1277 839 1346 879 eo
1386 820 1535 879 bello
1573 820 1872 881 cecidisset
1917 823 2026 881 Ca·
2063 825 2104 879 5

253 917 538 990 missares,
564 929 796 993 paterna
822 916 877 974 ei
903 916 1214 974 traderetur
1239 915 1545 992 provincia.

334 1010 412 1068 II.
493 1011 623 1070 Pari
651 1030 713 1069 se
740 1012 944 1069 virtute
967 1022 1162 1086 postea
1198 1011 1455 1086 praebuit,
1504 1030 1678 1086 quum
1716 1012 2031 1088 Autophra-

240 1108 414 1166 dates
436 1107 593 1184 jussu
623 1107 807 1183 Regis
834 1107 980 1165 bello
997 1118 1421 1182 persequeretur
1438 1126 1554 1179 eOS,
1571 1106 1668 1182 qui
1688 1106 2029 1165 defecerant.

254 1202 515 1278 Namque
542 1203 664 1278 ejus
690 1203 863 1278 opera
888 1202 1096 1274 hostes,
1126 1220 1297 1276 quum
1326 1215 1510 1261 castra
1549 1202 1668 1278 jam
1709 1201 2031 1274 intrassent,

254 1298 536 1375 profligati
562 1310 716 1370 sunt,
744 1296 1135 1372 exercitusque
1161 1298 1410 1373 reliquus
1447 1310 1811 1357 conservatus
1850 1297 2034 1375 Regis
2076 1298 2148 1355 10

257 1402 371 1451 ests':
414 1394 525 1469 qua
545 1413 619 1451 ex
644 1412 706 1450 re
733 1392 1037 1468 majoribus
1063 1394 1233 1451 rebus
1259 1411 1500 1470 praeesse
1528 1394 1736 1473 coepit„
1799 1393 1937 1453 Erat
1963 1413 2034 1452 eo

256 1500 505 1565 tempore
536 1488 754 1562 Thyus·
781 1489 1045 1575 dynastes
1092 1489 1495 1567 Paphlagoniae
1547 1490 1777 1566 antiquo
1823 1510 2034 1568 genere

259 1595 423 1643 natus
451 1604 485 1640 a
511 1585 829 1660 Pylaemene
858 1584 973 1657 illo,
1003 1604 1171 1659 quem
1216 1585 1503 1642 Homerus
1549 1584 1765 1643 Troico
1811 1585 1959 1643 bello
2003 1604 2037 1642 a

259 1679 517 1737 Patroclo
569 1680 930 1745 interfectum
985 1680 1078 1737 ait.
1160 1679 1220 1737 Is
1268 1679 1422 1756 Regi
1467 1680 1620 1739 dicto
1657 1680 1893 1738 audiens
1921 1700 2034 1740 non
2082 1751 2087 1760 Ι

237 1787 414 1837 ‚eratz
455 1795 623 1850 quam
666 1777 739 1833 ob
783 1793 1017 1832 causam
1062 1774 1209 1832 bello
1253 1794 1383 1832 eum
1426 1775 1687 1852 persequi
1724 1776 2036 1849 constituit,
2079 1777 2154 1833 15

258 1870 423 1944 eique
471 1870 554 1927 rei
594 1868 848 1945 praefecit
889 1868 1212 1938 Datamem,
1241 1869 1616 1942 propinquum
1657 1869 2037 1944 Paphlagonis

264 1965 535 2039 (namque
587 1982 660 2019 ex
711 1961 880 2019 fratre
933 1972 991 2018 et
1027 1980 1213 2019 sorore
1257 1974 1417 2020 erant
1459 1961 1624 2040 nati).
1728 1961 1924 2024 Quam
1969 1964 2042 2022 ob

263 2076 495 2117 causam
524 2056 794 2115 Datames
819 2056 1012 2117 omnia
1038 2053 1283 2133 primum
1311 2056 1553 2134 experiri
1580 2057 1771 2132 voluit,
1816 2070 1879 2117 ut
1919 2059 2042 2118 sine

265 2154 435 2213 armis
484 2153 856 2231 propinquum
909 2153 996 2211 ad·
1032 2153 1281 2213 officium
1334 2155 1646 2213 reduceret.
1730 2155 1824 2212 Ad
1876 2174 2043 2231 quem

264 2269 434 2327 quum
461 2250 707 2308 venisset
733 2249 854 2307 sine
880 2249 1161 2327 praesidio,
1189 2249 1343 2325 quod
1372 2250 1445 2306 ab
1471 2246 1655 2308 amico
1682 2251 1868 2308 nullas
1888 2270 2042 2309 vere·
2078 2250 2177 2307 2⁰·

264 2357 415 2405 retur
462 2345 716 2412 insidiaS,
777 2345 924 2422 pene
970 2344 1198 2403 interiit.
1279 2344 1433 2402 Nam
1466 2333 1685 2426 *Thyus
1722 2366 1853 2403 eum
1893 2348 2043 2405 clam

266 2442 581 2500 interficere
602 2439 793 2500 voluit.
872 2439 1013 2496 Erat
1029 2451 1208 2497 mater
1231 2432 1363 2496 cum
1380 2438 1643 2510 Datame,
1664 2440 1836 2497 amita
1850 2440 2034 2515 Paph-

241 2537 500 2614 ,lagonis
579 2536 687 2607 Ea,
734 2534 867 2610 quid
905 2518 1184 2609 ageretur,
1218 2532 1431 2604 resciit,
1474 2532 1762 2608 filiumque
1810 2534 2042 2591 monuit.

268 2631 373 2703 Ille
401 2632 536 2708 fugai
580 2631 897 2707 periculum
939 2628 1184 2700 evitavit,
1240 2629 1572 2703 bellumque
1608 2628 1810 2687 indixit
1853 2628 2038 2705 Thyo.

269 2727 340 2783 In
369 2746 496 2802 quo,
517 2745 690 2801 quum
717 2727 788 2788 ab
816 2725 1227 2796 Ariobarzane,
1254 2724 1522 2799 praesecto
1567 2723 1761 2799 Lydiae
1790 2736 1847 2782 et
1864 2724 2041 2782 Ioniae
2081 2726 2161 2783 25

270 2823 554 2901 totiusque.
598 2822 877 2899 Phrygiae,
931 2822 1186 2878 desertus
1227 2831 1397 2890 esset,
1441 2819 1620 2878 nihilo
1663 2817 1897 2895 segnius
1922 2838 2045 2895 per·

271 2916 562 2988 severavit,
589 2917 883 2992 vivumque
904 2914 1139 2990 Thyum
1166 2915 1319 2990 cepit
1344 2933 1476 2972 cum
1503 2933 1676 2972 uxore
1704 2907 1774 2974 et
1792 2914 2001 2972 liberis.

347 3011 459 3069 III.
542 3010 721 3087 Cujus
746 3012 881 3070 facti
909 3031 982 3068 ne
1009 3008 1167 3086 prius
1188 3010 1339 3068 fama
1351 3010 1422 3067 ad
1445 3009 1693 3086 Regem,
1714 3009 1883 3084 quam
1906 3010 2045 3087 ipse,

271 3108 605 3186 perveniret,
633 3107 790 3165 dedit
813 3125 1057 3182 operam.
1139 3105 1341 3181 Itaque
1381 3104 1646 3164 omnibus
1687 3105 1904 3180 insciis,
1953 3106 2043 3179 eo,

222 3193 225 3196 “
274 3203 370 3260 ubi
405 3217 525 3263 erat
571 3203 724 3276 Rex,
742 3203 922 3271 venit3
960 3214 1292 3279 posteroque
1333 3201 1426 3258 die
1469 3201 1723 3275 Thyum,
1763 3202 2048 3261 hominem
2086 3202 2165 3259 30

275 3300 503 3357 maximi
529 3298 798 3376 corpori8‚
822 3297 1163 3373 terribilique
1185 3296 1351 3370 facie,
1376 3295 1528 3371 quod
1546 3307 1603 3353 et
1625 3296 1785 3372 niger
1800 3309 1857 3356 et
1875 3298 2049 3374 capil-

276 3394 331 3453 lo
376 3395 545 3471 longo
596 3381 883 3468 barbaque
934 3404 1054 3450 erat
1103 3392 1395 3468 promissa,
1443 3390 1656 3466 optima
1700 3405 1851 3451 veste
1890 3392 2048 3461 texit,

278 3507 441 3564 quam
483 3501 716 3566 satrapae
764 3487 942 3564 Regii
982 3503 1177 3563 gerere
1225 3498 1675 3557 consueverant3
1716 3488 2044 3561 ornavitque
