2492 4207
945 312 1302 363 DATAMEs.
2047 278 2148 364 δι’

235 477 521 550 DatameS,
570 495 703 533 cum
753 475 956 557 quibus
1009 476 1115 534 iter
1169 476 1433 548 faciebat,
1485 490 1548 536 ut
1591 481 1770 556 parati
1822 494 2013 543 essent

234 573 440 645 facere,
481 572 632 646 quod
686 571 871 647 ipsum
923 570 1211 628 vidissent.
1306 571 1458 647 Ipse,
1498 584 1561 630 ut
1612 589 2013 636 concurrentes

235 653 594 727 insidiatores
626 662 1051 738 animadvertit,
1097 666 1211 725 tela
1266 666 1325 723 in
1377 684 1486 724 eos
1527 670 1787 745 conjecit.
1883 671 2014 730 Hoc

234 761 388 819 idem
415 781 591 837 quum
617 761 862 818 universi
891 760 1177 837 fecissent,
1203 760 1533 837 priusquam
1559 766 1913 840 pervenirent
1942 769 2012 825 ad
2069 803 2073 807 <

233 878 389 930 eum,
417 876 584 932 quem
605 856 843 934 aggredi
869 856 1132 914 volebant
1180 857 1391 915 confixi
1418 857 1770 916 ceciderunt.
2052 864 2092 920 5

313 953 390 1010 X.
471 952 587 1011 Hic
638 965 829 1023 tamen
882 963 999 1011 tam
1052 903 1290 1010 cafiidus
1336 953 1419 1010 vir
1469 952 1722 1012 extremo
1768 966 2015 1033 tempore

234 1061 434 1126 captus
453 1060 541 1107 est
561 1048 930 1120 Mithridatis,
953 1046 1365 1105 Ariobarzanis
1383 1047 1505 1121 filii,
1529 1050 1671 1108 dolo.
1755 1048 2017 1125 Namque

232 1145 280 1202 is
317 1145 604 1222 pollicitus
643 1157 731 1203 est
769 1143 946 1219 Regi,
975 1162 1035 1200 se
1074 1160 1225 1202 eum.
1248 1142 1694 1217 interfecturum,
1723 1145 1772 1202 si
1799 1145 1853 1202 ei
1887 1144 2018 1202 Rex

231 1241 597 1316 permitteret,
619 1252 703 1313 ut,
725 1240 1100 1315 quodcunque
1120 1239 1306 1313 vellet,
1328 1239 1525 1298 liceret
1547 1232 2017 1316 impune'sacerQ

164 1366 171 1375 <
231 1336 512 1412 fidemque
565 1337 638 1394 de
691 1335 762 1392 ea
813 1355 894 1408 re,
942 1353 1095 1393 more
1134 1333 1456 1409 Persarum,
1497 1336 1697 1395 dextra
1748 1336 2013 1394 dedisset.
2061 1338 2132 1395 10

232 1429 404 1490 Hanc
431 1422 496 1490 ut
523 1430 745 1506 accepit
773 1449 807 1487 a
832 1430 998 1507 Rege
1025 1431 1276 1504 missam,
1306 1431 1498 1507 copias
1523 1444 1704 1507 parat,
1728 1444 1787 1490 et
1814 1433 2018 1490 absens
2095 1424 2102 1431 ’

231 1526 538 1589 amicitiam
586 1546 717 1584 cum
758 1527 999 1586 Datame
1047 1527 1203 1600 facit,
1243 1525 1430 1602 Regis
1476 1527 1794 1602 provincias
1833 1543 2016 1601 vexat,

233 1623 466 1681 castella
484 1634 790 1699 expugnat,
812 1642 1052 1698 magnas
1077 1621 1299 1698 praedas
1320 1621 1473 1698 capit
1496 1643 1510 1691 3
1551 1641 1788 1696 quarum
1814 1624 2017 1698 partim

231 1718 349 1776 suis
387 1719 662 1795 dispertit,
702 1719 907 1795 partim
949 1718 1020 1774 ad
1058 1717 1363 1774 Datamem
1402 1717 1589 1776 mittit.
1681 1718 1812 1778 Pari
1851 1720 2018 1778 modo

198 1858 202 1863 .
229 1815 526 1890 complura
549 1813 782 1870 castella
807 1812 863 1869 ei
889 1811 1077 1870 tradit.
1188 1813 1335 1869 Haec
1362 1813 1461 1892 diu
1484 1814 1767 1885 faciendo,
1793 1834 2019 1888 persua·
2062 1818 2134 1871 15

229 1908 306 1967 sit
338 1906 597 1977 homini,
649 1925 720 1962 se.
763 1904 1051 1962 infinitum
1104 1903 1374 1962 adversus
1426 1905 1666 1981 Regem
1707 1909 2019 1982 suscepisse

229 2001 480 2059 bellum:
531 2018 711 2075 quum·
740 1999 920 2058 nihilo
957 1999 1275 2075 magis,.ne
1314 2019 1484 2075 quam
1525 2000 1904 2076 suspicionem
1939 2002 2019 2059 illi

229 2096 510 2178 praeberet
569 2095 920 2171 insidiarum,
974 2115 1158 2173 neque
1220 2095 1563 2173 colloquium
1622 2097 1746 2175 ejus
1803 2098 2018 2175 petivit,

231 2211 421 2269 neque
447 2191 507 2249 in
535 2187 898 2268 conspectum
927 2192 1118 2250 venire
1141 2192 1373 2251 studuit.
1473 2192 1572 2250 Sic
1601 2192 1806 2256 absens
1829 2194 2021 2251 amici-

234 2289 374 2347 tiam
413 2289 665 2365 gerebat,
697 2299 761 2346 ut
798 2308 912 2350 non
953 2288 1249 2345 beneficiis
1287 2288 1518 2361 mutuis,
1560 2290 1660 2346 sed
1699 2289 1831 2348 odio
1870 2310 2019 2348 com-
2057 2291 2136 2347 20

234 2369 414 2459 muni,
454 2381 604 2462 quod
641 2402 779 2459 erga
836 2383 1062 2489 Regem
1123 2395 1510 2486 susceperant,
1537 2384 1831 2449 ‘contineri
1872 2387 2021 2442 vide-

234 2492 446 2556 rentur.
2077 2553 2085 2562 ⁵

313 2575 422 2633 XI.
503 2574 573 2652 Id
601 2594 774 2649 quum
801 2572 939 2632 satis
966 2592 1027 2631 se
1055 2574 1419 2634 confirmasse
1448 2574 1749 2633 arbitratus
1775 2587 1879 2649 est,
1904 2595 2022 2633 cer·
2062 2560 2066 2563 ⁴

237 2669 436 2727 tiorem
477 2669 614 2728 facit
652 2669 973 2742 Datamem,
1015 2680 1237 2745 tempus
1284 2688 1409 2727 esse
1452 2669 1692 2746 majores
1739 2672 2024 2729 exercitus

236 2764 442 2840 parvi,
472 2765 679 2822 bellum
708 2784 839 2823 cum
867 2765 988 2841 ipso
1017 2764 1183 2841 Rege
1213 2764 1441 2841 suscipi.
1537 2764 1736 2841 Deque
1765 2765 1837 2823 e&
1861 2787 1943 2839 re,
1966 2768 2021 2827 si
2058 2770 2136 2826 25

237 2860 291 2917 ei
342 2859 643 2934 videretur,
689 2881 800 2936 quo
852 2861 977 2919 loco
1029 2861 1214 2938 vellet,
1265 2860 1324 2918 in
1392 2861 1733 2936 colloquium
1785 2861 2018 2919 veniret.
2075 2933 2079 2937 Α

238 2955 482 3016 Probata
519 2975 600 3028 re,
641 2954 996 3031 colloquendi
1036 2967 1258 3031 tempus
1298 2956 1555 3029 sumitur,
1594 2957 1883 3054 locusque,
1911 2975 2021 3032 quo

238 3049 650 3112 conveniretur.
731 3051 866 3120 Huc
889 3051 1252 3109 Mithridates
1273 3070 1404 3107 cum
1432 3071 1565 3124 uno,
1596 3052 1690 3109 cui
1717 3049 2021 3111 maximam

238 3146 484 3205 habebat
510 3146 701 3218 fidem,
733 3159 862 3204 ante
904 3148 1131 3222 aliquot
1149 3146 1274 3203 dies
1312 3148 1486 3221 venit,
1528 3148 2018 3225 compluribusque

237 3239 378 3299 locis
430 3242 732 3319 separatim
785 3242 1000 3318 gladios
1044 3241 1251 3315 obruit,
1306 3261 1485 3316 eaque
1538 3243 1664 3300 loca
1720 3243 2018 3320 diligenter
2059 3247 2134 3303 30

240 3348 411 3395 notat.
493 3337 627 3414 Ipso
667 3349 857 3396 autem
897 3337 1251 3412 colloquendi
1288 3338 1401 3411 die,
1429 3337 1669 3411 utrique,
1697 3338 1884 3398 locum
1924 3341 2018 3415 qui

241 3434 611 3509 explorarent,
642 3444 808 3509 atque
849 3434 997 3509 ipsos
1036 3445 1439 3506 scrutarentur,
1468 3433 1711 3493 mittunt.
1793 3435 2018 3493 Deinde

242 3523 349 3604 ipsi
375 3539 506 3587 sunt
532 3529 839 3606 congressi.
942 3527 1077 3601 Hic,
1106 3548 1278 3604 quum
1303 3529 1627 3604 aliquandiu
1655 3531 1713 3587 in
1744 3529 2020 3603 colloquio

781 3626 820 3682 6
1834 3680 1838 3695 ι
2015 3669 2032 3704 ι
