2492 4207
331 238 442 295 122
911 242 971 293 T.
1006 216 1411 292 POMPONIUS
1443 223 1765 291 Amicus,

272 391 301 416 0.

1111 354 1134 383 Ο
2183 373 2186 380 .

440 406 598 465 libris
623 404 767 463 nihil
792 414 978 479 potest
999 421 1124 460 esse
1164 384 1389 459 (stulcius
1436 400 1525 472 iis,
1575 399 1671 474 qui
1722 398 1965 475 aliquam
2013 403 2237 480 cupid-i.

440 513 615 560 tatem
643 500 858 557 habent
881 498 1098 557 notitiae
1122 498 1405 555 clarorum
1431 495 1693 553 virorum.
1778 495 1989 572 Attigit
2008 517 2237 575 quoque

338 655 349 670 ,
434 593 743 676 poeticen}
800 593 1106 665 credimus,
1160 612 1234 649 ne
1289 592 1412 667 ejus
1466 608 1669 666 expers
1719 603 1873 649 esset
1924 593 2238 655 suavitatis

438 692 705 767 Namque
734 688 1148 764 versibus,'qui
1190 689 1404 746 honore
1447 671 1748 761 rerumque
1789 699 2080 764 gestarum
2126 710 2242 748 am-

362 792 402 848 5
440 788 720 865 plitudine
747 799 982 845 caeteros
1009 783 1262 843 Romani
1288 782 1481 859 populi
1506 782 1909 859 praestiterunt,
1933 786 2239 862 exposuit:

440 886 538 959 ita,
566 897 631 944 ut
656 885 763 942 sub
789 881 1140 959 singulorum
1179 880 1525 956 imaginibus
1568 880 1722 936 facta
1763 877 2241 958 magistratusque

440 1001 635 1041 eorum
661 999 777 1038 non
806 976 1047 1055 amplius
1073 976 1363 1053 quaternis
1383 973 1639 1050 quinisve
1687 974 1944 1060 versibus
1992 978 2242 1055 descrip-

328 1099 337 1108 ·
440 1078 611 1135 serit:
652 1075 801 1150 quod
828 1072 922 1130 vix
949 1071 1302 1130 credendum
1344 1070 1435 1143 sit,
1477 1081 1665 1128 tantas
1707 1085 1803 1130 res
1830 1051 1950 1128 tam
1997 1072 2240 1131 breviter

436 1172 685 1248 potuisse
713 1167 1008 1226 declarari.
1092 1167 1197 1225 Est
1243 1167 1415 1268 etiam
1463 1165 1606 1225 liber
1659 1163 1863 1223 Graece
1913 1169 2238 1241 confectus,

329 1267 401 1323 10
438 1267 505 1323 de
531 1265 820 1323 consulatu
852 1261 1159 1322 Ciceronis.

517 1356 689 1416 XIX.
771 1356 1074 1414 Hactenus
1105 1354 1301 1413 Attico
1327 1354 1453 1413 vivo
1497 1353 1654 1413 edita
1681 1355 1805 1412 haec
1838 1374 1871 1413 a
1895 1356 2061 1415 nobis
2089 1369 2238 1417 sunt.

441 1452 617 1527 Nunc
664 1452 933 1528 quoniam
976 1452 1204 1510 fortuna
1249 1470 1354 1509 nos
1398 1450 1730 1525 superstites
1771 1450 1828 1508 ei
1870 1470 1995 1511 esse
2041 1451 2240 1525 voluit,

439 1549 658 1625 reliqua
708 1566 1132 1624 persequemur,
1186 1558 1265 1619 et,
1313 1545 1591 1621 quantum
1631 1546 2000 1621 potuerimuS‚
2048 1566 2240 1604 rerum

440 1644 716 1720 exemplis
767 1645 1010 1701 lectores
1063 1642 1416 1714 docebimus,
1471 1640 1620 1699 sicut
1673 1637 1840 1716 supra
1887 1635 2239 1716 'significavi-

305 1725 402 1799 '15
441 1759 588 1812 mus,
617 1759 744 1796 suos
773 1739 969 1814 cuique
1010 1745 1184 1804 more's
1203 1735 1535 1813 plerumque
1584 1736 1880 1794 conciliare
1910 1733 2236 1812 fortunam.

244 1821 247 1824 ’
440 1836 706 1910 Namque
734 1834 829 1892 hic
857 1845 1161 1893 contentus
1186 1832 1387 1891 ordine
1428 1832 1693 1907 equestri,
1738 1852 1849 1908 quo
1899 1843 2020 1889 erat
2062 1842 2242 1904 ortus,

428 1931 501 1987 -in
556 1931 887 1989 affinitatem
938 1929 1196 2006 pervenit
1250 1928 1603 2003 imperatoris
1627 1961 1632 1968 ·
1653 1927 1789 1984 Divi
1849 1926 2044 2007 [Julii]
2097 1927 2239 1985 filii:

440 2044 615 2101 quum
661 2026 799 2100 jam.
837 2022 969 2081 ante
1025 2022 1467 2079 familiaritatem
1519 2023 1644 2096 ejus
1696 2036 1846 2081 esset
1900 2034 2243 2082 consecutus

442 2119 600 2176 nulla
628 2120 740 2176 alia
760 2138 841 2190 re,
870 2112 1039 2201 quam
1067 2115 1356 2191 elegantia
1389 2116 1536 2185 vitae,
1566 2115 1676 2189 qua
1726 2117 1963 2174 caeteros
2013 2112 2245 2194 ‘ceperat

328 2214 405 2272 20
443 2212 731 2290 principes
788 2208 1052 2289 civitatis,
1107 2207 1386 2285 dignitate
1439 2206 1582 2284 pari,
1636 2210 1864 2266 fortuna
1918 2211 2244 2274 humiliore.

431 2309 651 2371 Tanta,
680 2307 834 2366 enim
876 2305 1218 2383 prosperitas
1265 2304 1553 2362 Caesarem
1595 2323 1726 2362 eum
1773 2317 1861 2363 est
1912 2321 2247 2383 consecuta,

444 2417 509 2464 ut
533 2404 677 2462 nihil
725 2404 778 2461 ei
822 2422 937 2461 non
983 2403 1245 2478 tribuerit
1295 2402 1539 2475 fortuna,
1592 2401 1744 2477 quod
1796 2402 2063 2478 cuiquam
2113 2418 2246 2465 ante

447 2499 731 2572 detulerit,
759 2512 819 2558 et
857 2498 1181 2558 conciliarit
1223 2499 1374 2574 quod
1418 2517 1588 2557 nemo
1616 2498 1803 2556 adhuc
1851 2498 1992 2557 civis
2033 2498 2246 2559 Roma-

447 2616 557 2653 nus
583 2594 761 2670 quivit
786 2594 1076 2668 consequi.
1099 2593 1112 2609 ‘
1160 2592 1315 2653 Nata
1344 2606 1531 2653 autem
1560 2607 1648 2653 est
1696 2593 1892 2652 Attico
1942 2596 2128 2672 neptis
2174 2615 2243 2653 ex

328 2693 408 2748 25
448 2690 724 2768 Agrippa,
753 2689 849 2746 cui
875 2689 1155 2765 virginem
1193 2690 1370 2769 filiam
1410 2690 1731 2748 collocarat.
1783 2689 1988 2748 ·Hanc
2033 2691 2241 2761 Caesar,

444 2786 538 2842 vix
568 2783 916 2854 anniculam,
946 2779 1188 2842 Tiberio
1216 2785 1460 2843 Claudio
1503 2783 1742 2857 Neroni,
1791 2784 2044 2844 Drusilla
2092 2798 2242 2858 natu,

441 2880 702 2956 privigno
724 2897 847 2951 suo,
877 2879 1216 2956 despondit:
1259 2900 1382 2956 quae
1411 2881 1739 2956 conjunctio
1766 2881 2264 2975 necessitudinem-G

443 2991 638 3031 eorum
666 2970 875 3044 sanxit,
908 2973 1352 3035 familiaritatem
1382 2975 1627 3034 reddidit
1654 2971 2102 3052 frequentiorem.
2275 2964 2280 2971 ’

512 3065 649 3123 XX,
735 3066 1029 3128 Quamvis
1060 3081 1194 3129 ante
1222 3073 1348 3128 haec
1375 3071 1658 3146 sponsalia
1699 3091 1815 3130 non
1843 3069 2039 3140 solum,
2066 3087 2238 3143 quum

315 3155 394 3211 30
432 3156 502 3211 ab
531 3159 670 3216 urbe
702 3161 956 3235 abesset,
988 3182 1288 3241 nunquam
1316 3167 1386 3223 ad
1414 3170 1643 3225 suerum
1686 3182 1999 3241 quenquam
2027 3162 2242 3223 litteras

421 3241 590 3321 misit,
621 3253 769 3326 quin
799 3256 1011 3315 Attico
1039 3261 1314 3334 mitteret,
1360 3262 1495 3338 quid
1541 3273 1750 3338 ageret,
1797 3258 2069 3333 imprimis
2106 3259 2241 3333 quid

407 3339 668 3415 Ῑθέθῐθῐς
714 3349 1104 3427 quibusque
1090 3375 1151 3414 m
1179 3356 1341 3430 locis,
1368 3368 1427 3416 et
1446 3357 1710 3431 quamdiu
1727 3364 1874 3410 esset
1890 3363 2242 3413 moraturus:
2279 3390 2288 3403 ·

399 3434 497 3491 sed
523 3435 712 3495 etiam
744 3461 935 3515 quum
964 3462 1129 3509 esset
1157 3451 1217 3510 in
1245 3448 1407 3526 urbe,
1450 3463 1508 3510 et
1547 3461 1768 3529 propter
1811 3467 1943 3505 suas
1992 3447 2246 3511 infinitas

338 467 377 500 ,¹9
