2492 4207
342 219 420 277 32
1120 226 1563 278 ALCIBIADES.

456 399 520 446 ut
556 386 776 446 absenti
817 385 1208 463 magistratum
1279 389 1633 465 abrogarent,
1680 399 1739 447 et
1787 386 1958 446 alium
2002 385 2062 444 in
2108 382 2231 463 ejus

453 484 641 542 locum
668 483 1086 542 substituerent.
1171 484 1240 541 Id
1269 485 1363 542 ille
1390 496 1454 542 ut
1481 483 1712 556 audivit,
1756 484 1986 542 domum
2028 480 2231 540 reverti

452 578 651 650 noluit,
673 591 731 636 et
758 598 819 637 se
846 578 1098 654 Pactyen
1146 579 1405 651 contulit,
1435 579 1623 655 ibique
1664 579 1773 638 tria
1808 577 2044 637 castella
2084 595 2232 636 com-

450 674 709 747 munivit,
765 660 1000 747 BornoS,
1070 674 1403 747 Bisanthen,
1478 674 1831 734 Neontichos
1865 696 1879 746 3
1947 691 2231 751 manuque
2296 753 2299 756 ἢ

372 770 412 825 5
449 768 690 828 collecta
714 769 928 847 primus
974 769 1212 826 Graeciae
1257 754 1499 828 civitatis
1536 770 1596 827 in
1639 770 1951 829 Thraciam
1998 769 2233 841 introiit,

447 863 745 940 gloriosius
797 864 1146 937 existimanS,
1200 865 1578 923 Barbarorum
1637 865 1827 941 praeda
1880 862 2233 942 locupletari,

447 957 616 1035 quam
642 961 959 1019 Graiorum.
1039 959 1181 1020 Qua
1206 979 1279 1018 ex
1305 979 1366 1018 re
1385 1039 1389 1043 <
1407 971 1659 1018 creverat
1695 979 1869 1036 quum
1915 960 2066 1018 fama
2112 972 2232 1019 tum

445 1056 666 1133 opibuS,
696 1075 1073 1132 magnamque
1101 1056 1410 1115 amicitiam
1440 1055 1546 1114 sibi
1575 1075 1706 1114 cum
1728 1055 2065 1132 quibusdam
2086 1055 2233 1133 regi·

447 1153 570 1225 bus,
601 1152 868 1210 Thraciae
905 1164 1218 1228 pepererat.
1598 1214 1610 1226 ‚

334 1247 407 1305 Ν)
521 1247 691 1304 VIII.
774 1245 977 1321 Neque
1024 1259 1216 1306 tamen
1262 1267 1295 1304 a
1337 1246 1573 1307 caritate
1614 1248 1809 1325 patriae
1851 1248 2037 1325 potuit
2072 1266 2231 1306 rece-

443 1343 594 1400 dere.
677 1341 736 1399 N
740 1361 829 1400 am
856 1361 1031 1417 quum
1061 1344 1209 1418 apud
1241 1343 1421 1419 AEgos
1449 1342 1662 1417 fiumen
1691 1344 1994 1417 Philocles,
2022 1355 2229 1419 praetor

442 1437 903 1507 Atheniensium,
932 1439 1173 1497 classem
1201 1438 1588 1497 constituisset
1634 1459 1814 1512 suam,
1843 1459 2029 1516 neque
2056 1439 2229 1518 longe

442 1532 664 1591 abesset
692 1534 1004 1609 Lysander,
1033 1546 1234 1610 praetor
1284 1533 1866 1607 Lacedaemoniorum,
1914 1536 2013 1610 qui
2058 1536 2117 1593 in
2160 1555 2231 1595 eo

439 1629 560 1686 erat
610 1642 942 1706 occupatuS,
996 1641 1059 1688 ut
1112 1630 1323 1688 bellum
1376 1627 1545 1705 quam
1598 1629 1914 1688 diutissime
1970 1632 2229 1706 duceret,

328 1725 401 1781 15
437 1723 591 1798 quod
646 1724 783 1800 ipsis
846 1725 1094 1800 pecunia
1146 1745 1180 1782 a
1232 1725 1400 1802 Rege
1472 1724 1956 1802 suppeditabatur,
2027 1725 2230 1786 contr&

438 1820 889 1878 Atheniensibus
916 1809 1207 1879 exhaustis
1233 1832 1434 1899 praeter
1464 1840 1621 1878 arma
1646 1832 1704 1878 et
1730 1839 1904 1878 naves
1931 1819 2075 1878 nihil
2103 1835 2229 1882 erat

437 1914 643 1992 super:
707 1916 1040 1975 Alcibiades
1085 1918 1154 1974 ad
1200 1917 1640 1976 Atheniensium
1688 1916 1845 1975 venit
1889 1916 2225 1991 exercitum,

436 2010 626 2085 ibique
652 2023 928 2087 praesente
955 2013 1126 2086 vulgo
1153 2030 1322 2086 agere
1351 2011 1541 2086 coepit,
1570 2013 1623 2067 si
1648 2013 1864 2085 vellent,
1907 2031 1963 2070 se
2006 2022 2227 2071 coactu-

436 2126 559 2161 rum
584 2106 952 2180 Lysandrum
979 2114 1080 2161 aut
1107 2105 1375 2161 dimicare
1402 2114 1502 2159 aut
1533 2124 1733 2179 pacem
1769 2115 2001 2180 petere,-
2042 2109 2224 2167 Lace·
2306 2099 2312 2107 ’

317 2202 395 2258 20
434 2201 728 2257 doemom'os
781 2198 844 2257 εὐ
891 2200 1032 2256 nolle
1086 2197 1383 2273 confligere
1433 2198 1625 2270 classe,
1675 2196 1831 2274 quod
1860 2200 2220 2275 pedestribus

434 2297 611 2373 copiis
653 2293 794 2372 plus
847 2292 1014 2371 (μιάνῃ
1067 2294 1304 2351 navibus
1357 2294 1603 2350 valerent
1622 2314 1644 2357 ,·
1700 2293 1812 2351 sibi
1870 2302 2053 2352 autem
2105 2316 2221 2356 esse

414 2391 623 2469 facile,
668 2390 930 2463 Seuthen,
974 2408 1156 2465 regem
1195 2389 1495 2463 Thracum,
1524 2389 1808 2462 deducere,
1836 2399 1900 2447 ut
1928 2411 2014 2448 eos
2063 2394 2220 2452 terr&

432 2489 760 2565 depellerem
802 2507 908 2564 quo
918 2485 1112 2563 facto,
1141 2485 1455 2544 necessario
1484 2495 1585 2543 aut
1621 2487 1795 2544 classe
1838 2486 2221 2563 conflicturos,

431 2593 532 2643 aut
559 2570 750 2642 bellum
778 2583 1188 2660 composituros.
1273 2581 1342 2639 Id
1366 2582 1472 2640 etsi
1500 2581 1630 2640 vere
1675 2572 1892 2641 dictum
1932 2584 2217 2645 Philocles

313 2681 391 2739 25
432 2679 932 2751 animadvertebat,
984 2690 1178 2737 tamen
1231 2678 1511 2754 postulata
1562 2680 1751 2737 facere
1803 2679 2005 2753 noluit,
2064 2681 2215 2763 quod

429 2766 729 2847 sentiebat,
758 2794 838 2831 se.
867 2774 1170 2831 Alcibiade
1198 2786 1447 2849 recepto,
1496 2774 1704 2831 nullius
1744 2776 2016 2835 momenti
2065 2778 2214 2854 apud

426 2861 719 2930 exerciiun
1195 2869 1214 2925 i
1240 2869 1376 2945 quid
1405 2870 1641 2926 secundi
1669 2870 1970 2946 evenisset,
1998 2874 2211 2930 nullam

429 2968 488 3025 in
509 2968 580 3025 θεῖ
607 2987 667 3025 re
695 2989 719 3025 s
1193 2985 1284 3035 re3
1348 2977 1545 3022 contra
1585 2982 1673 3036 ea,
1717 2965 1764 3021 si
1806 2967 1941 3041 quid
1992 2967 2211 3024 adversi

429 3062 719 3124 accidisset
1193 3060 1416 3137 ¹,delicti
1444 3061 1693 3117 futurum
1721 3081 1897 3119 reum.
1977 3060 2071 3118 Ab
2099 3062 2209 3121 hoc

312 3159 391 3216 30
429 3157 719 3215 discedens
1193 3155 1485 3231 quoniamss
1539 3154 1739 3231 inquit,
1790 3154 2073 3212 ‘victoriae
2114 3176 2210 3233 pa·

428 3251 548 3309 triae
576 3271 876 3329 repugnas,
905 3281 1044 3311 ruuu
1072 3271 1296 3323 moneo,
1336 3250 1497 3326 juxta
1539 3251 1728 3309 hostes
1770 3261 1954 3307 castra
1994 3250 2209 3310 habeas

429 3345 674 3403 nautica.
755 3347 1080 3405 Periculum
1108 3359 1194 3404 est
1220 3346 1395 3418 enim,
1444 3365 1516 3403 ne
1566 3344 1919 3403 immodestia
1962 3346 2206 3406 militum

428 3452 742 3500 nostrorum
793 3444 1020 3501 occasio
1072 3444 1235 3504 detur
1280 3441 1574 3517 Lysandro
1626 3440 1799 3499 nostri
1848 3441 2206 3519 opprimendi
