2492 4207
308 199 387 256 22
1189 207 1445 258 emon.

427 368 549 445 ejus
575 368 731 426 litem
759 368 1091 426 aestimatam
1115 369 1323 444 populo
1364 368 1578 427 solvere
1629 386 1745 426 non
1789 365 2084 444 potuisset,
2126 367 2223 428 ob

425 482 659 539 eamque
686 482 918 522 causam
941 463 999 521 in
1028 463 1273 522 vinculis
1298 463 1543 541 publicis
1588 463 1945 537 decessisset,
1993 463 2219 522 Cimon

423 559 624 616 eadem
647 559 904 618 custodia
932 561 1252 634 tenebatur,
1296 579 1480 636 neque
1522 559 1745 637 legibus
1760 558 2220 618 Atheniensium

423 654 603 713 emitti
628 667 867 732 poterat,
894 655 1005 714 nisi
1031 655 1356 733 pecuniam,
1384 656 1497 732 qua
1521 666 1680 732 pater
1724 657 1993 716 multatus
2032 667 2217 730 esset,

347 751 386 806 5
424 750 693 808 solvisset.
776 750 1044 809 Habebat
1069 761 1258 809 autem
1287 750 1345 808 in
1394 751 1759 822 matrimonio.
1790 770 2037 810 sororem
2084 770 2222 832 ger·

424 863 652 902 manam
698 865 879 911 suam,
932 844 1162 903 nomine
1216 845 1542 911 Elpinicen,
1595 866 1712 905 non
1764 846 1946 924 magis
1995 865 2232 922 amore,-

1569 941 1757 1001 nsibus
1801 942 1956 1016 licet,
2004 944 2217 1002 eodem

1569 1056 1618 1096 rs
1669 1036 1924 1114 conjugii
1966 1036 2217 1114 cupidus

1569 1153 1589 1190 s
1627 1131 1799 1210 quAm
1840 1133 2212 1209 pecuniosuS,

1569 1240 1740 1303 cerat,
1779 1227 1899 1305 egit
1943 1247 2077 1287 cum
2114 1229 2214 1288 Ci-

1569 1324 1623 1383 [d
1666 1324 1716 1384 si
1742 1323 2121 1401 impetrasset,
2148 1345 2212 1384 se

1569 1438 1682 1477 mm
1718 1421 1891 1480 talem
1934 1419 2211 1481 conditio-

1583 1533 1645 1571 se
1661 1533 1975 1590 passuram,
1998 1514 2210 1583 Miltia-

1569 1629 1599 1667 s
1651 1609 1904 1683 interire,
1946 1611 2210 1686 quoniam

1569 1716 1813 1782 pturam,
1861 1704 1911 1762 si
1955 1722 2044 1778 ea,
2087 1726 2214 1781 quae

1569 1918 1591 1955 s
1617 1896 1828 1955 Cimon
1855 1894 2115 1955 celeriter
2142 1898 2214 1955 ad

1569 1992 1639 2048 im
1678 1990 1817 2049 satis
1858 1991 2213 2066 eloquentiae,

1569 2084 1831 2141 [denti-am
1873 2101 2047 2158 quum
2070 2087 2215 2162 juris

1569 2197 1609 2235 n
1655 2188 1814 2254 patre
1856 2194 1890 2233 a
1930 2195 2107 2252 puero
2154 2181 2214 2240 in

1569 2292 1613 2330 [e
1675 2273 1771 2331 hic
1828 2283 1886 2331 et
1943 2275 2215 2350 populum

1593 2381 1652 2427 et
1704 2371 1854 2446 apud
1901 2372 2215 2430 exercitum

1569 2462 1682 2523 niun
1722 2464 2022 2543 imperator
2066 2468 2215 2543 apud

1569 2554 1786 2619 uacum
1810 2562 2044 2638 fugavit,
2062 2563 2217 2640 oppi-

1577 2657 1777 2716 decem
1816 2658 1996 2716 millia
2039 2658 2217 2717 Athe·

1569 2739 1927 2829 lterum'apud
1950 2753 2224 2835 Mycalen⁴

1569 2868 1661 2923 um
1702 2835 1933 2927 navium
1977 2851 2216 2908 classem

1569 2943 1647 3001 ari
1694 2945 1920 3003 fortuni
1966 2945 2025 3002 in
2065 2945 2217 3003 terra

1569 3059 1621 3097 1s
1668 3040 1868 3117 capti8‚
1912 3038 2099 3098 statim
2142 3058 2216 3098 ex

1569 3154 1760 3210 imque
1787 3155 1901 3193 uno
1931 3151 2214 3192 concursu

1569 3231 1752 3289 ,ctoria
1792 3228 1997 3304 magnii
2024 3231 2217 3305 praedfi

449 3329 660 3395 potitus
685 3342 858 3398 quum
885 3329 1114 3385 domum
1141 3336 1531 3399 reverteretur,
1578 3325 1729 3402 quod
1766 3324 1884 3401 jam
1926 3327 2217 3392 nonnullae

448 3418 644 3476 insulae
695 3432 918 3497 propter
972 3417 1337 3497 acerbitatem
1390 3420 1609 3499 imperii
1667 3420 2012 3499 defecerant,
2066 3421 2214 3484 bene

453 4003 529 4150 ἱ,
