2492 4207
368 299 445 355 60
1188 305 1541 356 DATAMES.

483 466 667 525 omnis
709 467 1053 526 consistebat
1094 467 1326 526 Datami
1352 470 1411 527 in
1434 490 1494 528 se
1515 470 1737 545 locique
1755 466 1984 526 natura:
2013 485 2256 543 namque

485 563 651 637 hujus
676 576 892 639 partem
919 584 1033 622 non
1063 565 1308 623 habebat
1334 566 1659 623 vicesimam
1691 564 1947 623 militum.
2026 563 2258 625 Quibus

484 659 658 716 fretus
685 659 957 731 conflixit,
987 660 1540 736 adversariorumque
1567 652 1745 718 multa
1769 660 1946 718 millia
1986 657 2256 730 concidit,

482 771 653 829 quum
700 756 770 812 de
814 754 990 832 ipsius
1034 755 1288 813 exercitu
1331 752 1445 814 non
1490 755 1729 832 amplius
1770 755 2061 813 hominum
2093 753 2257 819 ,mille

402 852 444 907 5
483 852 785 910 cecidisset
809 873 821 908 ε
862 871 1030 926 quam
1054 852 1129 910 ob
1156 871 1385 910 causam
1408 864 1630 930 postero
1649 852 1742 910 die
1758 864 2028 928 tropaeum
2051 849 2257 927 posuit,

482 967 603 1023 quo³
643 934 778 1006 loco*
822 948 1001 1024 pridie
1047 961 1361 1025 pugnatum
1423 936 1558 1015 erat.
1641 948 1799 1006 Hinc
1849 966 2020 1023 quum
2072 958 2259 1005 castra

480 1042 762 1115 movisset,
817 1062 1144 1131 semperque
1192 1044 1421 1102 inferior
1465 1043 1663 1120 copiiS,
1704 1043 1960 1119 superior¹
1992 1041 2259 1099 omnibus

479 1140 690 1216 proeliis
732 1128 1068 1212 discederet,
1107 1137 1259 1215 quod
1311 1159 1600 1215 nunquam
1641 1157 1872 1196 manum
1916 1146 2259 1210 consereret,

480 1235 592 1292 nisi
616 1253 789 1310 quum
817 1235 1163 1294 adversarios
1188 1236 1438 1293 loc'orum
1468 1234 1744 1311 angustiis
1763 1233 2059 1291 clausisset
2081 1230 2259 1317 (quod

372 1331 444 1388 10
482 1329 661 1406 perito
681 1330 976 1406 regionum
1019 1329 1336 1406 callideque
1383 1329 1657 1405 cogitanti
1699 1347 1846 1407 saepe
1898 1326 2256 1403 accidebat):

482 1425 957 1501 Autophradates,
986 1445 1159 1501 quum
1188 1426 1399 1482 bellum
1425 1425 1561 1482 duci
1589 1425 1799 1501 majore
1842 1423 2025 1499 Regis
2052 1421 2259 1480 calam·

484 1519 637 1593 itate,
664 1519 835 1596 quam
877 1520 1341 1595 adversariorum,
1384 1520 1617 1593 videret,
1663 1521 1734 1577 ad
1779 1539 1980 1596 pacem
2025 1517 2259 1575 amiciti-

450 1636 683 1693 ·amque
711 1618 964 1676 hortatus
1005 1630 1112 1691 est,
1156 1630 1218 1676 ut
1263 1621 1394 1676 cum
1437 1616 1603 1693 Rege
1641 1616 1701 1673 in
1749 1616 1987 1692 gratiam
2031 1613 2282 1685 rediret„

481 1711 685 1795 Quam
706 1712 798 1770 ille
826 1714 933 1771 etsi
959 1701 1130 1770 fidam
1157 1732 1275 1772 non
1302 1714 1418 1772 sore
1454 1712 1707 1789 putabat,
1750 1723 1941 1769 tamen
1985 1709 2261 1768 conditio-

375 1806 446 1864 15
484 1826 616 1865 nem
667 1808 907 1884 accepit,
955 1828 1115 1885 seque
1166 1807 1249 1866 ad
1296 1808 1664 1866 Artaxerxem
1717 1807 1929 1882 legatos
1968 1806 2260 1862 missurum

482 1903 640 1962 dixit.
676 1944 677 1947 η
724 1904 824 1961 Sic
850 1904 1081 1978 bellum,
1124 1895 1274 1979 quod
1323 1904 1457 1962 Rex
1503 1901 1769 1961 adversus
1815 1900 2116 1959 Datamem
2146 1919 2261 1957 sus-

483 2010 728 2073 ceperat,
798 2000 1071 2057 sedatum.
1180 2000 1641 2075 Autophradates
1709 1998 1766 2055 in
1836 1996 2138 2073 Phrygiam
2202 2014 2260 2053 se

483 2091 714 2166 recepit.
799 2100 802 2106 ’

560 2185 668 2243 ΙΧ.
751 2186 831 2243 At
877 2184 1028 2258 Rex,
1076 2183 1228 2260 quod
1265 2185 1619 2261 implacabile
1659 2152 1896 2244 odium
1882 2205 1941 2242 in
1963 2186 2262 2245 Datamem

369 2280 448 2339 20
485 2292 828 2356 susceperat,
855 2291 1150 2356 postquam
1177 2279 1325 2338 bello
1352 2299 1483 2338 eum
1509 2280 1747 2357 opprimi
1790 2299 1904 2338 non
1940 2300 2104 2357 posse
2148 2283 2266 2341 ani-

484 2376 800 2448 madvertit,
855 2375 1076 2435 insidiis
1129 2375 1448 2435 interficere
1490 2376 1738 2435 studuit:
1800 2394 1940 2452 quas
2001 2376 2096 2434 ille
2148 2380 2263 2454 ple·

485 2492 686 2549 rasque
714 2472 921 2531 vitavit.
1005 2472 1186 2546 Sicut,
1208 2492 1382 2550 quum
1435 2469 1759 2532 nuntiatum
1794 2484 1963 2545 esset,
1990 2474 2260 2550 quosdam

486 2569 594 2626 sibi
622 2568 895 2641 insidiari,
924 2568 1021 2643 qui
1047 2569 1107 2626 in
1137 2569 1449 2627 amicorum
1475 2581 1640 2628 erant
1662 2587 1898 2627 numero
1934 2568 2033 2646 (de
2060 2569 2262 2644 quibus

488 2665 635 2739 quod
663 2663 880 2720 inimici
907 2664 1245 2737 detulerant,
1275 2684 1458 2741 neque
1491 2664 1861 2737 credendum,
1903 2683 2086 2739 neque
2128 2684 2261 2741 neg-

371 2758 451 2815 25
488 2758 782 2835 ligendum
831 2757 1115 2837 putavit);
1182 2759 1424 2835 experiri
1496 2760 1689 2832 voluit,
1743 2779 1937 2817 verum
1987 2760 2261 2819 falsumne

448 2892 453 2898 ι
488 2867 638 2913 esset
685 2855 939 2912 relatum.
1041 2853 1240 2929 Itaque
1293 2874 1362 2913 eo
1411 2854 1696 2931 profectus
1748 2867 1853 2928 est,
1895 2875 2016 2931 quo
2063 2855 2263 2915 itinere

491 2951 707 3009 futuras
728 2950 962 3009 insidias
988 2950 1265 3020 dixerant.
1347 2951 1462 3008 Sed
1499 2950 1670 3027 elegit
1711 2969 1943 3027 corpore
1970 2962 2027 3008 et
2052 2952 2264 3009 statura

489 3044 834 3103 simillimum
881 3045 989 3118 sui,
1038 3045 1202 3121 eique
1244 3045 1507 3103 vestitum
1553 3064 1718 3102 suum
1759 3045 1935 3119 dedit,
1983 3056 2149 3119 atque
2196 3065 2265 3105 eo

491 3138 617 3196 loco
645 3141 745 3213 ire,
773 3161 882 3216 quo
910 3142 1029 3217 ipse
1046 3152 1435 3213 consueverat,
1444 3140 1626 3217 jussit.
1707 3140 1838 3218 Ipse
1860 3152 2044 3197 autem
2060 3153 2264 3200 ornatu

379 3229 458 3286 3⁰
499 3230 862 3322 [vestituque]
912 3236 1140 3295 militari
1188 3236 1333 3294 inter
1360 3236 1609 3314 corporis
1635 3237 1895 3295 custodes
1931 3234 2035 3293 iter
2077 3236 2265 3296 facere

497 3328 682 3403 coepit.
763 3332 843 3392 At
870 3331 1244 3405 insidiatoreS,
1273 3344 1567 3409 postquam
1593 3332 1653 3390 in
1680 3350 1809 3390 eum
1835 3331 2022 3389 locum
2060 3333 2265 3408 agmen

492 3423 766 3497 pervenit,
781 3441 786 3446 ·
803 3427 1027 3505 decepti
1065 3427 1264 3485 ordine
1302 3438 1466 3503 atque
1503 3428 1725 3499 vestitu,
1773 3425 1833 3482 in
1877 3445 2009 3484 eum
2051 3427 2267 3512 faciunt

498 3512 784 3596 impetum,
837 3522 933 3595 qui
985 3523 1302 3601 suppositus
1353 3536 1487 3583 erat.
1567 3521 1909 3581 Praedixerat
1946 3534 2131 3581 autem
2178 3523 2266 3582 his
