2492 4207
301 275 376 331 74
1108 277 1525 328 AGESILAUS.

418 442 637 499 summa
663 441 774 499 fide
801 440 1012 497 mansit
1038 438 1360 515 Agesilaus.
1444 438 1660 496 Contra
1685 456 1755 495 ea
1780 435 2213 512 Tissaphernes

415 537 556 594 nihil
584 536 758 609 aliud,
787 534 958 611 quam
987 534 1218 608 bellum,
1246 533 1605 610 comparavit.
1687 531 1758 589 Id
1786 532 1892 590 etsi
1918 531 2211 593 sentiebat

418 632 591 704 Lace,
629 643 820 690 tamen
857 631 1255 708 jusjurandum
1299 630 1576 701 servabat,
1598 627 1940 702 multamque
1969 629 2033 683 in
2055 647 2117 685 eo
2150 647 2209 685 se

417 728 675 803 consequi
726 726 973 799 dicebat,
1029 724 1185 802 quod
1243 724 1647 801 Tissaphernes
1688 722 1946 800 perjurio
2000 742 2099 780 suo
2150 733 2207 781 et

339 825 378 881 5
417 823 656 880 homines
683 824 801 880 suis
822 822 981 880 rebus
1009 821 1382 894 abalienaret,
1411 828 1464 878 et
1489 821 1614 877 deos
1642 819 1754 877 sibi
1790 820 1974 876 iratos
2014 818 2204 878 redde-

417 927 502 977 ret
518 941 539 982 ‚-
579 939 634 977 se
663 928 843 977 autem
869 915 1200 990 conservata
1230 917 1503 991 religione
1531 898 1857 990 eorfirmare
1884 917 2202 990 ezercitum,

416 1033 580 1090 quum
607 1013 1069 1071 animadverteret
1096 1012 1319 1070 deorum
1359 1031 1554 1069 numen
1576 1010 1782 1087 facere
1808 1031 2004 1085 secum,
2032 1012 2207 1069 laomi-

416 1129 615 1186 nesque
641 1109 753 1166 sibi
792 1108 1089 1165 conciliari
1116 1102 1427 1180 amiciores,
1457 1104 1611 1183 quod
1633 1107 1719 1164 his
1747 1105 1967 1163 studere
2002 1125 2198 1163 consu·

416 1206 614 1277 Essent,
642 1223 777 1280 quos
807 1221 1131 1259 conservare
1153 1202 1336 1278 fidem
1362 1202 1630 1259 viderent.
1795 1201 1804 1211 ’
2202 1270 2203 1273 ¹

303 1300 375 1356 10
492 1296 604 1397 RH.
685 1298 989 1372 Postquam
1031 1297 1392 1356 induciarum
1431 1283 1700 1373 praeteriit
1739 1297 1878 1369 dies,
1917 1296 2204 1356 Barbarus

413 1414 526 1453 non
581 1394 866 1465 dubitans,
908 1391 1059 1468 quod
1102 1393 1279 1469 ipsius
1318 1404 1482 1450 erant
1533 1393 1777 1469 plurima
1814 1392 2104 1455 domicilia
2143 1394 2203 1451 in

412 1489 604 1562 Caria,
661 1502 719 1548 et
776 1508 847 1547 ea
898 1489 1057 1565 regio
1112 1488 1200 1547 his
1254 1488 1604 1564 temporibus
1658 1487 1837 1547 multo
1897 1489 2202 1564 putabatur

410 1584 875 1661 locupletissima,
903 1583 974 1642 eo
1001 1581 1359 1661 potissimum
1388 1584 1577 1643 hostes
1617 1583 1889 1659 impetum
1933 1585 2200 1657 sacturOS,

409 1700 608 1738 omnes
660 1700 792 1738 suas
845 1680 1038 1756 copias
1077 1678 1148 1737 eo
1189 1689 1564 1738 contraxerat.
1674 1680 1755 1737 At
1795 1679 2103 1756 Agesilaus
2142 1680 2201 1738 in

301 1777 371 1834 15
410 1775 716 1852 Phrygiam
762 1795 824 1833 se
866 1776 1161 1848 convertit,
1203 1794 1441 1850 eamque
1480 1770 1639 1850 prius
1685 1774 2055 1850 depopulatus
2095 1787 2201 1847 est,

411 1871 580 1947 quam
607 1871 1025 1949 Tissaphernes
1054 1890 1295 1947 usquam
1322 1890 1384 1929 se
1415 1882 1680 1929 moveret.
1764 1869 1981 1947 Magna
2008 1871 2202 1946 praedfi

410 1967 684 2025 militibus
734 1966 1109 2044 locupletatis,
1165 1966 1459 2042 Ephesum
1513 1965 1823 2023 hiematum
1888 1967 2201 2024 exercitum

411 2063 667 2132 reduxit3
711 2073 877 2137 atque
917 2061 1282 2120 ibi.officinis
1323 2081 1606 2121 armorum
1656 2062 1945 2144 institutiS,
1990 2063 2201 2140 magna

409 2141 687 2213 in'dustria
740 2156 950 2214 bellum
1006 2158 1311 2231 apparavit.
1394 2157 1471 2216 Et
1521 2156 1633 2234 quo
1675 2156 1980 2218 studiosius
2021 2178 2203 2217 arma·
2230 2161 2242 2174 ‘
2285 2160 2289 2164 ’

288 2250 370 2307 20
407 2260 602 2307 rentur
620 2246 1010 2325 insigniusque
1033 2263 1389 2324 ornarentur,
1411 2254 1646 2329 praemia
1671 2253 1972 2330 proposuit,
1992 2255 2203 2328 quibus

407 2345 773 2417 donarentur,
802 2364 1041 2419 quorum
1078 2346 1312 2423 egregia
1350 2346 1411 2404 in
1449 2348 1522 2404 ea
1560 2368 1622 2406 re
1665 2349 1860 2407 suisset
1899 2347 2200 2407 industria.

409 2440 575 2499 Fecit
603 2440 755 2498 idem
778 2429 837 2500 in
865 2441 1337 2502 exercitationum
1377 2444 1704 2520 generibus,
1732 2456 1814 2515 ut,
1826 2433 1948 2520 ’qui
1976 2445 2202 2502 caeteris

405 2535 817 2614 praestitissent,
836 2527 938 2595 'eos
957 2538 1181 2614 magnis
1206 2539 1456 2598 afficeret
1478 2539 1823 2596 muneribus.
1893 2539 2004 2597 His
2029 2540 2199 2616 igitur

405 2633 576 2689 rebus
628 2631 837 2703 effecit,
886 2643 949 2690 ut
999 2644 1058 2690 et
1109 2633 1530 2692 ornatissimum
1570 2648 1628 2693 et
1667 2635 2199 2693 exercitatissimum

290 2725 367 2782 25
408 2727 642 2784 haberet
679 2725 1008 2784 exercitum.
1116 2728 1274 2786 Huic
1315 2749 1500 2804 ‚quum
1540 2743 1762 2805 tempus
1804 2743 1955 2789 esset
1994 2731 2197 2804 visum,

406 2822 600 2898 copias
651 2822 946 2879 extrahere
1000 2842 1072 2880 ex
1120 2822 1525 2897 hibernaculiS,
1574 2824 1731 2896 vidit,
1773 2824 1841 2897 si,
1883 2824 1996 2900 quo
2050 2838 2199 2883 esset

406 2916 511 2975 iter
535 2918 805 2988 facturuS‚
833 2914 1020 2991 palam
1046 2918 1488 2993 pronuntiasset,
1508 2920 1697 2977 hostes
1723 2939 1838 2977 non
1862 2919 2194 2992 credituroS,

408 3013 655 3088 aliasque
683 3013 945 3089 regiones
969 3013 1249 3088 praesidiis
1274 3017 1670 3090 occ'upaturOS,
1694 3034 1803 3072 nec
1821 3016 2195 3088 dubitaturoe,

408 3107 559 3164 aliud
600 3109 725 3167 esse
766 3109 1067 3181 facturum,
1110 3128 1179 3166 ac
1216 3109 1658 3186 pronuntiasset.
1781 3111 1982 3187 Itaque
2021 3129 2196 3186 quum

291 3203 367 3259 30
407 3200 501 3258 ille
557 3203 766 3261 Sardes
819 3204 1028 3262 iturum
1080 3224 1141 3261 se
1194 3204 1448 3277 dixisset,
1492 3204 1912 3282 Tissaphernes
1952 3207 2195 3264 eandem

410 3296 642 3355 Cariam
668 3300 1087 3358 defendendam
1113 3299 1346 3375 putavit.
1428 3299 1499 3357 In
1521 3321 1632 3376 quo
1653 3321 1825 3375 quum
1847 3285 1981 3359 eum
2001 3302 2196 3380 opinio

408 3392 715 3465 fefellisset,
768 3395 1090 3470 victumque
1146 3415 1207 3452 se
1261 3394 1492 3453 vidisset
1545 3396 1825 3466 consili03
1894 3395 2022 3454 sero
2079 3396 2196 3454 suis

404 3486 666 3566 praesidio
704 3490 990 3565 profectus
1029 3500 1130 3548 est.
1226 3488 1378 3547 Nam
1414 3509 1591 3565 ,quum
1632 3489 1728 3549 illo
1771 3492 2038 3566 venisset,
2076 3488 2195 3569 jani
