2492 4207
763 254 824 303 T.
859 254 1261 328 POMPONIUS
1275 258 1611 324 ‚ATTICUS
1873 270 1878 275 ·
2082 251 2187 308 121

286 407 518 485 ducum,
547 413 957 472 mutationibus
983 415 1311 496 reipubliqoe
1339 396 1649 492 perscripta
1675 430 1827 490 sunt,
1857 429 1919 476 ut
1936 418 2077 475 nihil
2189 421 2222 452 ⁴·

287 508 346 565 in
400 510 470 567 iis
523 529 639 568 non
694 505 978 585 appareat,
1032 522 1090 568 et
1139 510 1309 568 facile
1363 509 1670 569 existimari
1713 512 1906 588 possit,
1949 533 2077 590 pru·
2115 499 2144 532 ⁴

182 649 186 653 Α
286 603 541 662 dentiam
592 604 1008 679 quodammodo
1049 620 1174 662 esse
1227 605 1652 663 divinationem.
1734 607 1867 667 Non
1906 608 2075 665 enim

285 697 497 755 Cicero
549 717 617 756 ea
689 698 893 771 solum,
946 718 1069 773 quae
1143 700 1270 758 vivo
1331 720 1392 758 se
1465 700 1817 774 acciderunt,
1893 705 2079 762 futura
2145 695 2152 702 ⁵
2245 731 2262 742 -

283 792 578 869 praedixit:
622 795 721 851 sed
775 795 966 867 etiam,
1015 813 1139 914 quae
1193 814 1348 852 nunc
1403 815 1509 862 usu
1556 795 1822 876 veniunt,
1868 799 2078 882 cecinit
2116 800 2156 857 5

286 900 352 976 ut
379 900 584 946 vates,-
1122 907 1126 911 *

366 977 564 1040 XVII.
647 984 736 1041 De
790 985 1021 1060 pietate
1040 997 1242 1042 autem
1299 986 1481 1043 Attici
1533 945 1668 1061 quid
1720 987 1884 1062 plura
1923 1006 2078 1045 com·
2139 1018 2142 1020 >

286 1081 593 1135 memorem
617 1081 640 1134 ’ἔ
682 1098 855 1154 quum
884 1079 1035 1138 hoc
1022 1097 1205 1154 lpsum
1235 1079 1368 1138 vere
1416 1081 1754 1157 gloriantem
1804 1080 2078 1139 audierim

240 1189 253 1204 ⁶
284 1171 346 1227 in
376 1170 576 1231 funere
603 1174 798 1232 matris
826 1192 962 1246 suae,
991 1192 1160 1249 quam
1187 1175 1390 1233 extulit
1430 1194 1706 1234 annorum
1745 1175 2079 1253 nonaginta,

282 1285 460 1350 quum
487 1281 636 1327 esset
665 1258 883 1344 septem
912 1280 970 1326 et
996 1269 1310 1345 sexaginta,
1339 1290 1395 1327 se
1421 1290 1706 1347 nunquam
1745 1290 1864 1327 cum
1904 1269 2197 1350 matre'll)

284 1361 346 1417 in
393 1365 653 1437 gratiam
706 1363 936 1448 redisse,
997 1384 1308 1440 nunquam.
1354 1359 1474 1422 cu‘m
1536 1386 1723 1424 sorore
1773 1365 1970 1443 fuisse
2021 1365 2082 1424 in

283 1449 587 1531 simultate,
640 1477 809 1534 quam
855 1479 1025 1536 prope
1095 1463 1370 1535 aequalem
1425 1462 1688 1539 habebat.
1768 1461 1945 1523 Quod
1993 1475 2079 1520 est
2129 1475 2132 1478 “

285 1549 533 1629 signum,
589 1565 686 1611 aut
736 1555 963 1628 nullam¹
1002 1565 1254 1630 unquam
1310 1556 1455 1613 inter
1516 1575 1614 1613 eos
1669 1556 2079 1630 querimoniam

287 1650 693 1723 intercessisse,
725 1663 823 1709 aut
864 1652 1021 1708 hunc
1065 1650 1135 1705 ea
1183 1649 1360 1706 fuisse
1410 1649 1476 1716 in·
1519 1670 1679 1707 suos·
1706 1649 2079 1726 indulgentia,

285 1755 366 1817 ut,
395 1763 537 1819 quos
562 1764 751 1803 amare
799 1744 1054 1813 deberet,
1087 1733 1276 1799 irasci*3
1305 1742 1390 1800 eis
1417 1744 1579 1801 nefas
1633 1745 1882 1803 duceret.
1933 1745 1938 1750 ’
1968 1745 2083 1804 Ne·
2127 1747 2197 1804 15

285 1860 392 1915 que
422 1841 478 1896 id
504 1841 640 1898 fecit
666 1838 874 1896 natura
900 1836 1104 1907 solum,
1130 1855 1457 1912 quanquam
1473 1857 1677 1900 omnes
1703 1840 1758 1895 ei
1800 1858 2081 1914 paremuS,

284 1936 386 1992 sed
414 1935 587 1992 etiam
609 1931 886 2004 doctrina„
970 1929 1124 1988 Nam
1151 1943 1208 1989 et
1255 1932 1578 2038 principum
1624 1934 2083 2010 philosophorum

286 2031 367 2087 ita
392 2039 659 2106 percepta
686 2027 884 2088 habuit
909 2039 1211 2105 praecepta,
1241 2040 1305 2086 ut
1332 2027 1401 2085 iis
1445 2029 1516 2086 ad
1560 2029 1742 2087 vitam.
1782 2031 2081 2107 agendam,

289 2144 404 2184 non
435 2125 505 2182 ad
533 2124 988 2207 ostentationem,
1017 2136 1287 2185 uteretur.

365 2218 600 2277 XVIII.
685 2217 864 2287 Moris
892 2219 1065 2277 etiam
1093 2219 1372 2295 majorum
1401 2240 1655 2280 summus
1680 2222 1926 2283 imitator
1956 2224 2079 2295 fuit,
2120 2224 2199 2280 20

290 2315 750 2390 antiquitatisque
796 2326 1043 2373 amator:
1105 2330 1278 2389 quam
1333 2315 1476 2373 adeo
1531 2316 1833 2393 diligenter
1883 2318 2083 2376 habuit

288 2404 597 2487 cognitam,
627 2420 691 2495 ut
715 2427 843 2466 eam
868 2420 1045 2467 totam
1074 2408 1129 2465 in
1161 2427 1230 2465 eo
1252 2408 1538 2466 volumine
1581 2411 1922 2484 exposuerit,
1971 2430 2082 2485 quo

287 2488 910 2581 magistratus'ornavit.
994 2496 1172 2560 Nulla
1195 2503 1350 2559 enim
1377 2504 1488 2576 lex,
1516 2506 1703 2578 'neque
1742 2523 1870 2580 pax,
1899 2524 2085 2579 neque

289 2601 519 2673 bellum,
548 2616 732 2675 neque
759 2619 851 2657 res
878 2597 1111 2656 illustris
1132 2610 1218 2656 est
1244 2598 1436 2676 populi
1478 2598 1749 2671 Romani,
1798 2619 1921 2675 quae
1965 2620 2079 2659 non

290 2697 349 2754 in
405 2692 473 2755 εἷο
525 2716 626 2756 suo
678 2708 929 2772 tempore
977 2695 1051 2752 sit
1090 2706 1319 2765 notata3
1362 2708 1438 2767 et,
1487 2696 1636 2770 quo'd
1684 2695 2079 2754 difficillimum
2117 2699 2195 2756 25

290 2780 527 2864 fuit,'sic
555 2791 892 2849 familiarum
912 2791 1191 2867 originem
1219 2791 1524 2862 subtexuit,
1574 2778 1636 2849 ut
1677 2811 1859 2850 exeo
1906 2791 2082 2851 claro-

192 2924 199 2931 -
288 2904 413 2944 rum
469 2888 709 2944 virorum
761 2885 1102 2962 propagines
1148 2886 1427 2961 possimus
1470 2904 1831 2962 cognoscere.
1916 2886 2082 2945 Fecit

252 2985 398 3041 ‘hoc
427 2981 580 3038 idem
607 2981 905 3057 separatim
931 2981 991 3037 in
1035 2980 1161 3037 aliis
1207 2979 1402 3036 libris:
1445 2991 1507 3037 ut
1550 2979 1631 3036 M.
1675 2979 1839 3038 Bruti
1880 2992 2078 3057 rogatu

290 3077 524 3165 {uniam
556 3076 829 3134 familiam
862 3094 895 3131 a
922 3077 1095 3152 stirpe
1132 3076 1203 3132 ad
1249 3077 1398 3132 hanc
1436 3087 1659 3133 aetatem
1696 3075 1895 3133 ordine
1942 3096 2078 3135 enu-
2149 3136 2161 3143 ,

290 3173 544 3246 metavit,
599 3182 825 3243 notanS,
852 3171 970 3246 qui,
1011 3190 1044 3228 a
1084 3191 1194 3246 quo
1241 3182 1440 3243 ortus,
1465 3189 1605 3244 quos
1652 3171 1920 3246 honores,
1960 3175 2079 3248 qui·
2116 3174 2193 3232 30

292 3269 510 3343 busque
573 3257 940 3342 temporibuS,
994 3267 1273 3342 cepisset
1381 3265 1514 3323 Pari
1577 3266 1743 3324 modo
1817 3266 2077 3327 Marcelli

230 3364 539 3453 Claudii,
595 3362 1039 3435 Marcellorum3
1109 3361 1397 3438 Scipionis
1464 3361 1736 3439 Cornelii,
1799 3376 1858 3422 et
1910 3363 2077 3426 Fabii

296 3459 560 3533 Max-imi,
608 3459 934 3535 Fabiorum,
989 3469 1046 3514 et
1112 3455 1471 3514 AEmiliorum
1543 3475 1805 3559 quoque:
1873 3459 2075 3541 quibus

682 3557 747 3612 ll
