2492 4207
974 184 1356 234 HANNIBAL.
2068 182 2180 241 103

276 343 606 423 etiamnunc
632 362 766 400 cum
793 343 1028 419 imperio
1056 346 1206 420 apud
1231 346 1545 403 exercitum
1581 346 1877 420 haberent,
1906 346 2066 407 item-

276 457 388 513 que
415 440 640 496 fratrem
667 426 793 514 ejus
820 437 1164 515 Magonem.'
1249 439 1381 497 Hoc
1421 460 1686 517 responso
1725 431 2068 519 Carthagin-

277 533 465 592 ienses
491 533 723 610 cognito
752 534 1138 593 Hannibalem
1178 536 1410 616 domum
1453 536 1873 613 Magonemque
1913 558 2069 597 revo-

276 630 495 700 carnut,
582 629 718 687 Huc
744 641 805 687 ut
831 630 1018 703 rediit,
1046 643 1251 707 praetor
1278 633 1464 690 factus
1503 643 1608 705 est,
1635 646 1928 709 postquam
1967 654 2067 693 rex

275 724 463 783 fuerat
516 744 666 783 anno
719 726 972 784 secundo
1023 738 1082 785 et
1128 728 1413 786 vicesimo.
1436 708 1604 785 ‘sm
1657 728 1811 785 enim
1864 729 2068 788 Romae
2105 733 2146 787 5

277 821 584 893 Consules,
631 820 715 878 sic
766 822 1119 897 Carthagine
1171 823 1473 898 quotannis
1528 823 1706 880 annui
1748 823 1868 879 bini
1908 844 2069 901 reges

234 955 261 970 a
276 916 634 975 creabantur.
715 916 785 974 In
813 935 883 976 eo
911 917 1241 994 magistratu
1268 918 1391 994 pari
1418 918 1719 995 diligentia
1747 938 1809 975 se
1852 918 2070 977 Hanni-

275 1012 371 1068 bal
411 1012 667 1087 praebuit,
711 1032 779 1070 ac
821 1013 1004 1070 fuerat
1044 1012 1103 1068 in
1158 1013 1322 1071 bello.
1431 1013 1695 1088 Namque
1748 1013 1959 1086 effecit,
2001 1032 2072 1070 ex

277 1106 437 1164 novis
491 1106 863 1183 vectigalibus
914 1126 1030 1165 non
1084 1105 1269 1170 solum
1322 1120 1385 1166 ut
1436 1120 1586 1169 esset
1619 1095 1899 1184 pecunia,
1947 1128 2108 1184 quar

278 1193 562 1259 Romanis
600 1222 671 1259 ex
712 1203 927 1261 foedere
965 1204 1326 1278 penderetur,
1369 1205 1469 1262 sed
1509 1204 1692 1271 etiam·
1731 1216 2070 1281 superesset,
2115 1207 2188 1262 lo

278 1315 401 1371 quae
430 1296 491 1353 in
522 1296 719 1355 aerario
758 1310 1140 1372 reponeretur.
1224 1299 1469 1373 Deinde,
1501 1320 1668 1359 -anno
1704 1312 1831 1376 post
1868 1313 2072 1377 praetu-

277 1410 419 1465 ram,
449 1392 652 1476 Marco
686 1381 950 1466 Claudio,
980 1394 1163 1453 Eucio
1203 1395 1379 1454 Furio
1419 1396 1788 1462 Consulibus,
1819 1396 2072 1454 Romani

276 1487 450 1563 legati
478 1488 885 1564 Carthaginem
911 1501 1205 1548 venerunt.
1292 1491 1418 1549 Hos
1446 1491 1743 1548 Hannibal
1767 1478 1856 1547 sui
1876 1511 2073 1567 expos·

279 1583 449 1640 cendi
491 1584 673 1660 gratia
715 1584 914 1643 missos
940 1597 1129 1665 ratus,
1145 1586 1475 1661 priusquam
1515 1584 1605 1642 his
1645 1597 1876 1649 senatus
1913 1587 2073 1643 dare-

279 1689 386 1752 tur,
414 1698 618 1737 navem
645 1681 986 1739 conscendit
1012 1682 1182 1751 clam,
1212 1691 1382 1754 atque
1409 1681 1468 1736 in
1499 1680 1723 1755 Syriam
1764 1682 1834 1737 ad
1874 1681 2073 1740 Antio-
2116 1683 2191 1742 15

278 1774 449 1831 chum
475 1776 739 1850 profugit.
835 1775 970 1831 Hac
996 1794 1058 1831 re
1084 1773 1275 1850 palam
1305 1775 1477 1846 facta,
1506 1776 1671 1833 Poeni
1696 1795 1869 1833 naves
1911 1778 2073 1849 duas,

275 1888 401 1944 quae
453 1889 587 1925 eum
628 1869 1179 1943 comprehenderent
1219 1870 1268 1927 si
1307 1882 1540 1945 possent
1579 1871 1872 1945 consequi,
1913 1873 2078 1930 mise-

276 1975 447 2033 runt3
504 1964 654 2021 bona
706 1963 831 2039 ejus
881 1963 1286 2039 publicarunt3
1342 1965 1571 2023 domum
1613 1984 1648 2022 a
1694 1966 2084 2025 fundamentis

217 2059 627 2202 aysjeoerunt
654 2078 668 2129 3
712 2057 895 2135 ipsum
923 2060 1149 2118 exulem
1172 2059 1520 2136 judicarunt.

354 2155 526 2214 VIII.
609 2156 691 2213 At
718 2152 1013 2213 Hannibal
1043 2174 1193 2213 anno
1220 2156 1406 2230 tertio,
1435 2169 1729 2232 postquam
1757 2158 1925 2217 domo
1950 2179 2074 2236 pro·
2111 2161 2192 2219 20

280 2254 516 2329 fugerat,
573 2251 756 2310 Lucio
803 2251 1093 2325 Cornelio,
1134 2251 1361 2314 Quinto
1401 2251 1665 2312 Minucio
1705 2253 2073 2329 Consulibus,
2113 2293 2117 2298 -

280 2368 408 2407 cum
437 2348 684 2424 quinqd’e
711 2348 952 2406 navibus
982 2348 1240 2405 Africam
1281 2348 1525 2406 accessit
1564 2349 1624 2405 in
1666 2349 1875 2408 finibus
1903 2352 2078 2426 Cyre-

279 2463 552 2516 naeorum,
593 2443 642 2500 si
682 2442 827 2502 forte
869 2442 1380 2518 Carthaginienses
1423 2443 1494 2499 ad
1536 2441 1769 2518 bellum,
1799 2445 2078 2505 Antiochi
2179 2486 2184 2493 -

280 2561 380 2618 spe
406 2539 749 2613 fiduciaque,
779 2538 1053 2595 inducere
1081 2549 1304 2614 posset:
1347 2536 1441 2594 cui
1465 2539 1584 2613 jam
1609 2551 1985 2614 persuaserat,
2016 2552 2079 2598 ut

280 2619 786 2694 cum'exercitibus
814 2633 873 2691 in
901 2632 1129 2691 Italiam
1156 2632 1628 2709 proficisceretur.
1712 2635 1847 2693 Huc
1876 2634 2076 2712 Mago-
2112 2636 2191 2694 25

280 2751 417 2791 nem
445 2731 673 2788 fratrem
700 2730 924 2788 excivit.
1010 2729 1078 2786 Id
1120 2729 1218 2787 ubi
1260 2729 1425 2787 Poeni
1464 2724 1835 2804 resciverunt,
1879 2731 2077 2809 Mago-

280 2845 417 2885 nem
456 2824 679 2898 efidem,
732 2826 842 2900 qua
897 2827 1146 2897 fratrem,
1190 2826 1485 2883 absentem
1528 2812 1700 2902 poena
1743 2828 2071 2886 affecerunt.

283 2921 378 2980 Illi
405 2919 717 2996 desperatis
741 2921 910 2977 rebus
936 2939 1109 2996 quum
1138 2920 1437 2979 solvissent
1462 2941 1655 2994 naves,
1685 2941 1755 2980 ac
1780 2923 1906 2979 vela
1938 2938 2070 2979 ven-

282 3020 356 3077 tis
395 3016 706 3087 dedissent,
754 3016 1046 3074 Hannibal
1103 3018 1175 3074 ad
1228 3014 1578 3076 Antiochum
1631 3018 1901 3094 pervenit.
1975 3018 2073 3101 De

286 3113 554 3192 Magonis
582 3111 812 3169 interitu
839 3112 1047 3187 duplex
1073 3113 1348 3171 memoria
1372 3114 1595 3189 prodita
1620 3125 1722 3173 est.
1807 3113 2069 3191 Namque
2108 3119 2187 3175 30

290 3208 384 3267 alii
449 3206 766 3283 naufragio,
812 3205 907 3263 alii
961 3225 995 3264 a
1033 3209 1207 3281 servis
1261 3208 1437 3284 ipsius
1496 3202 1872 3268 interfectum
1920 3230 2071 3286 eum,

290 3306 559 3382 scriptum
595 3304 974 3379 reliquerunt.
1081 3305 1404 3363 Antiochus
1457 3318 1646 3363 autem
1712 3305 1759 3363 si
1823 3318 1939 3365 tam
2007 3310 2066 3365 in

292 3402 510 3477 agendo
560 3399 708 3458 bello
758 3418 959 3477 parere
1010 3400 1276 3461 voluisset
1316 3400 1569 3458 consiliis
1607 3400 1750 3477 ejus,
1789 3402 1964 3479 quam
2011 3403 2069 3459 in
