2492 4207
978 251 1355 305 TIMOLEON.
2081 238 2154 296 91

764 600 901 659 XX.
983 598 1591 658 TIMOLEON.

353 772 410 831 Ι.
504 774 801 846 Timoleon,
833 774 1176 837 Corinthius
1258 774 1397 831 Sine
1440 771 1614 830 dubio
1658 787 1893 848 magnus
1934 791 2050 831 om-

268 868 447 928 nium
468 869 683 944 judicio
708 869 803 933 hie
829 870 909 927 vir
936 869 1135 929 extitit.
1214 869 1484 944 Namque
1504 867 1639 926 huic
1670 866 1771 925 uni
1796 868 2048 943 contigit,

208 969 211 971 ’
269 966 435 1040 quod
462 965 656 1023 nescio
682 984 754 1023 an
780 948 901 1038 ulli,
929 977 992 1023 ut
1036 976 1120 1022 et
1135 965 1394 1041 patriam,
1442 952 1501 1022 in
1547 964 1660 1040 qua
1701 975 1821 1021 erat
1866 975 2049 1035 natus,

268 1079 604 1135 oppressam
646 1078 679 1117 a
718 1073 957 1155 tyranno
1001 1060 1284 1131 liberaret,
1329 1072 1386 1117 et
1420 1078 1454 1116 a
1497 1059 1809 1135 Syracusis,
1851 1058 2053 1134 quibus

268 1155 492 1213 auxilio
518 1166 639 1212 erat
684 1148 908 1227 missuS,
957 1155 1322 1213 inveteratam
1365 1154 1685 1213 servitutem
1727 1154 2050 1230 depelleret,
2087 1153 2127 1208 5

267 1261 571 1324 totamque
602 1248 878 1322 Siciliam,
906 1251 1108 1308 multos
1137 1270 1315 1309 annos
1343 1251 1489 1309 bello
1515 1260 1768 1307 vexatam
1797 1267 1831 1305 a
1856 1248 2052 1306 barba-

265 1344 469 1418 risque
496 1363 842 1420 oppressam,
871 1364 972 1402 suo
993 1345 1235 1404 adventu
1278 1346 1338 1403 in
1376 1345 1673 1422 pristinum
1713 1332 2046 1403 restitueret.

266 1440 398 1496 Sed
426 1438 602 1499 inhis
628 1439 797 1496 rebus
842 1459 956 1497 non
994 1441 1238 1516 simplici
1284 1441 1507 1499 fortuna
1553 1438 1907 1498 conflictatus
1942 1450 2050 1510 est,

264 1545 348 1607 et,
411 1532 469 1590 id
516 1534 665 1608 quod
717 1533 996 1592 difficilius
1047 1546 1295 1611 putatur,
1338 1532 1515 1595 multo
1563 1533 1872 1609 sapientius
1924 1532 2051 1591 tulit

264 1630 608 1701 secundam,
662 1627 846 1704 quam·
899 1630 1190 1688 adversam
1266 1631 1562 1687 fortunam.
1660 1627 1811 1685 Nam
1878 1646 2048 1703 quum
2091 1628 2165 1694 lo

263 1715 445 1782 frater
496 1724 620 1800 ejus
673 1724 1084 1799 Timophanes,
1156 1725 1273 1781 dux
1325 1742 1359 1780 a
1405 1723 1721 1793 Corinthiis,
1778 1725 2049 1797 delectus,

261 1817 634 1892 tyrannidem
678 1837 778 1892 per
824 1817 1034 1875 milites
1078 1818 1458 1877 mercenarios
1492 1819 1842 1894 occupasset,
1883 1808 2051 1894 parti-

264 1930 521 1986 cepsque
572 1911 737 1986 regni
788 1909 977 1991 pbsset
1028 1931 1194 1981 esse;
1237 1910 1456 1970 tantum
1485 1911 1662 1970 abfuit
1708 1931 1742 1969 a
1786 1913 2051 1970 societate

264 2005 528 2078 sceleriS,
556 2016 619 2065 ut
646 2005 970 2063 antetulerit
996 2025 1224 2064 suorum
1253 2006 1460 2063 civium
1505 2006 1817 2065 libertatem
1866 2006 2050 2065 fratris

263 2102 463 2175 saluti,
492 2114 550 2160 et
588 2101 782 2178 patriae
821 2121 1022 2178 parere
1058 2101 1281 2178 legibus
1326 2099 1494 2177 quam
1536 2101 1826 2182 imperare,
1873 2101 2047 2161 satius
2090 2105 2162 2162 15

265 2198 516 2256 duxerit.
605 2197 738 2255 Hac
782 2207 992 2269 mente,
1045 2216 1144 2273 per
1186 2199 1542 2273 haruspicem
1583 2216 2046 2273 communemque

269 2295 519 2366 affinem,
548 2293 644 2351 cui
690 2312 864 2366 soror,
907 2312 978 2350 ex
1031 2291 1245 2350 eisdem
1294 2293 1623 2368 parentibus
1672 2305 1823 2368 nata,
1871 2305 2047 2370 nupta

267 2400 416 2451 erat.
436 2390 664 2446 fratrem
681 2399 984 2463 tyrannum
1002 2387 1457 2448 interficiendum
1474 2388 1704 2446 curavit.
1784 2389 1915 2464 Ipse
1930 2408 2045 2446 non

268 2482 444 2542 modo
473 2479 675 2542 manus
708 2502 824 2542 non
868 2483 1071 2553 attulit,
1115 2483 1216 2541 sed
1263 2502 1336 2540 ne
1377 2482 1630 2559 aspicere
1669 2483 1894 2558 quidem
1940 2485 2046 2543 fra«-

269 2592 502 2639 ternum
539 2580 873 2654 sanguinem
897 2578 1093 2644 voluit.
1173 2577 1348 2652 Nam,
1376 2579 1510 2637 dum
1536 2598 1628 2637 res
1653 2578 2042 2652 conficeretur,
2081 2580 2160 2637 2⁰
2244 2607 2267 2638 e

271 2673 475 2751 procul
502 2672 561 2730 in
586 2674 849 2750 praesidio
876 2675 1000 2747 fuit,
1037 2694 1109 2731 ne
1140 2670 1282 2750 'quis
1328 2675 1549 2732 satelles
1592 2687 1780 2750 posset
1819 2693 2045 2732 succur-

277 2788 421 2828 rere.
502 2770 630 2828 Hoc
653 2771 1142 2847 praeclarissimum
1169 2771 1293 2847 ejus
1319 2771 1539 2850 facinus
1565 2791 1679 2829 non
1718 2771 1839 2848 pari
1879 2772 2044 2829 modo

274 2865 574 2943 probatum
599 2877 684 2928 est
710 2867 781 2922 ab
809 2853 1088 2923 omnibus,
1170 2865 1446 2938 Nonnulli
1472 2866 1624 2923 enim
1649 2867 1839 2924 laesam
1877 2865 1949 2922 ab
1973 2882 2042 2924 eo

273 2962 547 3040 pietatem
572 2961 861 3035 putabant,
879 2974 936 3019 et
952 2960 1166 3017 invidia
1186 2962 1413 3020 laudem
1448 2962 1665 3023 virtutis
1693 2961 2037 3023 obterebant.

277 3057 466 3115 Mater
489 3054 622 3113 vero
648 3066 773 3130 post
799 3056 854 3112 id
903 3058 1113 3115 factum
1161 3076 1343 3132 neque
1391 3058 1615 3115 domum
1657 3058 1729 3115 ad
1764 3076 1823 3114 se
1864 3055 2042 3115 filium
2076 3057 2159 3115 25

278 3153 523 3225 admisit,
554 3167 740 3227 neque
778 3153 1009 3227 aspexit,
1050 3154 1186 3229 quin
1229 3172 1360 3210 eum
1406 3141 1746 3212 fratricidam
1788 3153 2040 3229 impium-

277 3267 386 3324 que
412 3249 699 3306 detestans
727 3248 1101 3322 compellaret.
1181 3249 1410 3311 Quibus
1436 3250 1602 3307 rebus
1640 3250 1732 3306 ille
1773 3249 1914 3308 adeo
1956 3264 2042 3309 est

279 3354 618 3414 commotuS,'
639 3356 699 3402 ut
726 3355 1128 3419 nonnunquam
1153 3346 1296 3406 ,vitae
1337 3345 1509 3402 finem
1557 3346 1741 3408 facere
1787 3347 2037 3418 voluerit,

283 3451 443 3515 atque
460 3459 533 3497 ex
555 3440 898 3515 ingratorum
921 3441 1209 3504 hominum
1232 3452 1730 3517 conspectumorte
1747 3443 2039 3501 decedere.
