<?xml version="1.0" encoding="UTF-8"?>
<!DOCTYPE html PUBLIC "-//W3C//DTD XHTML 1.0 Transitional//EN"
    "http://www.w3.org/TR/xhtml1/DTD/xhtml1-transitional.dtd">
<html xmlns="http://www.w3.org/1999/xhtml" xml:lang="en" lang="en">
 <head>
  <title>
</title>
<meta http-equiv="Content-Type" content="text/html;charset=utf-8" />
  <meta name='ocr-system' content='tesseract 3.04.00' />
  <meta name='ocr-capabilities' content='ocr_page ocr_carea ocr_par ocr_line ocrx_word'/>
</head>
<body>
  <div class='ocr_page' id='page_1' title='image "./devitaexcellent00haywgoog_0058.png"; bbox 0 0 2492 4207; ppageno 0'>
   <div class='ocr_carea' id='block_1_1' title="bbox 304 196 1538 301">
    <p class='ocr_par' dir='ltr' id='par_1_1' title="bbox 304 196 1538 301">
     <span class='ocr_line' id='line_1_1' title="bbox 304 196 1538 301; baseline -0.002 -21"><span class='ocrx_word' id='word_1_1' title='bbox 304 222 381 280; x_wconf 83' lang='lat'><strong>48</strong></span> <span class='ocrx_word' id='word_1_2' title='bbox 420 294 421 301; x_wconf 7' lang='grc' dir='ltr'>ἵ</span> <span class='ocrx_word' id='word_1_3' title='bbox 1095 196 1538 281; x_wconf 76' lang='lat' dir='ltr'><strong>IPHICRATES.</strong></span> 
     </span>
    </p>
   </div>
   <div class='ocr_carea' id='block_1_2' title="bbox 311 364 2323 3552">
    <p class='ocr_par' dir='ltr' id='par_1_2' title="bbox 311 364 2323 3552">
     <span class='ocr_line' id='line_1_2' title="bbox 422 364 2217 471; baseline 0.001 -22"><span class='ocrx_word' id='word_1_4' title='bbox 422 404 672 451; x_wconf 87' lang='lat' dir='ltr'><strong>versatus</strong></span> <span class='ocrx_word' id='word_1_5' title='bbox 690 411 705 461; x_wconf 88' lang='lat'>;</span> <span class='ocrx_word' id='word_1_6' title='bbox 726 364 900 467; x_wconf 45' lang='lat' dir='ltr'><strong>⁸saepe</strong></span> <span class='ocrx_word' id='word_1_7' title='bbox 929 391 1276 461; x_wconf 76' lang='lat' dir='ltr'>exercitibus</span> <span class='ocrx_word' id='word_1_8' title='bbox 1301 391 1562 468; x_wconf 84' lang='lat' dir='ltr'><strong>praesuit3</strong></span> <span class='ocrx_word' id='word_1_9' title='bbox 1606 411 1889 467; x_wconf 80' lang='lat' dir='ltr'><strong>nusquam</strong></span> <span class='ocrx_word' id='word_1_10' title='bbox 1917 393 2089 471; x_wconf 71' lang='lat' dir='ltr'><strong>culpa</strong></span> <span class='ocrx_word' id='word_1_11' title='bbox 2110 394 2217 452; x_wconf 68' lang='lat' dir='ltr'><strong>sua</strong></span> 
     </span>
     <span class='ocr_line' id='line_1_3' title="bbox 420 486 2219 564; baseline 0.001 -18"><span class='ocrx_word' id='word_1_12' title='bbox 420 487 567 547; x_wconf 73' lang='lat' dir='ltr'><strong>male</strong></span> <span class='ocrx_word' id='word_1_13' title='bbox 597 507 716 547; x_wconf 89' lang='lat' dir='ltr'><strong>rem</strong></span> <span class='ocrx_word' id='word_1_14' title='bbox 758 487 970 564; x_wconf 85' lang='lat' dir='ltr'><strong>gessit3</strong></span> <span class='ocrx_word' id='word_1_15' title='bbox 1015 506 1236 563; x_wconf 85' lang='lat' dir='ltr'><strong>semper</strong></span> <span class='ocrx_word' id='word_1_16' title='bbox 1285 487 1524 546; x_wconf 92' lang='lat' dir='ltr'><strong>consilio</strong></span> <span class='ocrx_word' id='word_1_17' title='bbox 1566 487 1702 546; x_wconf 88' lang='lat' dir='ltr'><strong>vicit</strong></span> <span class='ocrx_word' id='word_1_18' title='bbox 1730 509 1745 558; x_wconf 92' lang='lat'>;</span> <span class='ocrx_word' id='word_1_19' title='bbox 1787 486 2120 564; x_wconf 73' lang='lat' dir='ltr'><strong>tantumque</strong></span> <span class='ocrx_word' id='word_1_20' title='bbox 2146 509 2219 549; x_wconf 87' lang='lat' dir='ltr'><strong>eo</strong></span> 
     </span>
     <span class='ocr_line' id='line_1_4' title="bbox 422 584 2216 661; baseline 0.002 -21"><span class='ocrx_word' id='word_1_21' title='bbox 422 585 615 659; x_wconf 87' lang='lat' dir='ltr'><strong>valuit,</strong></span> <span class='ocrx_word' id='word_1_22' title='bbox 662 597 723 643; x_wconf 93' lang='lat' dir='ltr'><strong>ut</strong></span> <span class='ocrx_word' id='word_1_23' title='bbox 769 585 948 647; x_wconf 90' lang='lat' dir='ltr'><strong>multa</strong></span> <span class='ocrx_word' id='word_1_24' title='bbox 995 584 1053 641; x_wconf 92' lang='lat' dir='ltr'><strong>in</strong></span> <span class='ocrx_word' id='word_1_25' title='bbox 1109 604 1169 642; x_wconf 89' lang='lat' dir='ltr'><strong>re</strong></span> <span class='ocrx_word' id='word_1_26' title='bbox 1223 585 1453 643; x_wconf 88' lang='lat' dir='ltr'><strong>militari</strong></span> <span class='ocrx_word' id='word_1_27' title='bbox 1499 585 1705 661; x_wconf 89' lang='lat' dir='ltr'><strong>partim</strong></span> <span class='ocrx_word' id='word_1_28' title='bbox 1754 605 1900 644; x_wconf 87' lang='lat' dir='ltr'><strong>nova</strong></span> <span class='ocrx_word' id='word_1_29' title='bbox 1946 587 2216 660; x_wconf 89' lang='lat' dir='ltr'><strong>attulerit,</strong></span> 
     </span>
     <span class='ocr_line' id='line_1_5' title="bbox 419 666 2219 763; baseline 0.001 -25"><span class='ocrx_word' id='word_1_30' title='bbox 419 681 623 757; x_wconf 86' lang='lat' dir='ltr'><strong>partim</strong></span> <span class='ocrx_word' id='word_1_31' title='bbox 677 666 910 739; x_wconf 90' lang='lat' dir='ltr'><strong>meliora</strong></span> <span class='ocrx_word' id='word_1_32' title='bbox 964 680 1179 758; x_wconf 68' lang='lat' dir='ltr'><strong>fecerit.</strong></span> <span class='ocrx_word' id='word_1_33' title='bbox 1263 680 1528 757; x_wconf 82' lang='lat' dir='ltr'><strong>Namque</strong></span> <span class='ocrx_word' id='word_1_34' title='bbox 1582 681 1676 738; x_wconf 92' lang='lat' dir='ltr'><strong>ille</strong></span> <span class='ocrx_word' id='word_1_35' title='bbox 1723 681 2010 763; x_wconf 82' lang='lat' dir='ltr'><strong>pedestria</strong></span> <span class='ocrx_word' id='word_1_36' title='bbox 2063 701 2219 756; x_wconf 78' lang='lat' dir='ltr'><strong>arma</strong></span> 
     </span>
     <span class='ocr_line' id='line_1_6' title="bbox 340 776 2216 855; baseline 0.002 -23"><span class='ocrx_word' id='word_1_37' title='bbox 340 779 382 832; x_wconf 89' lang='lat'><strong><em>5</em></strong></span> <span class='ocrx_word' id='word_1_38' title='bbox 422 776 676 850; x_wconf 85' lang='lat' dir='ltr'><strong>mutavit,</strong></span> <span class='ocrx_word' id='word_1_39' title='bbox 705 797 879 852; x_wconf 90' lang='lat' dir='ltr'><strong>quum</strong></span> <span class='ocrx_word' id='word_1_40' title='bbox 909 788 1041 834; x_wconf 88' lang='lat' dir='ltr'><strong>ante</strong></span> <span class='ocrx_word' id='word_1_41' title='bbox 1068 776 1229 833; x_wconf 85' lang='lat' dir='ltr'><strong>illum</strong></span> <span class='ocrx_word' id='word_1_42' title='bbox 1257 776 1655 854; x_wconf 74' lang='lat' dir='ltr'><strong>imperatorem</strong></span> <span class='ocrx_word' id='word_1_43' title='bbox 1682 778 1945 835; x_wconf 86' lang='lat' dir='ltr'><strong>maximis</strong></span> <span class='ocrx_word' id='word_1_44' title='bbox 1982 779 2216 855; x_wconf 82' lang='lat' dir='ltr'><strong>clypeiS,</strong></span> 
     </span>
     <span class='ocr_line' id='line_1_7' title="bbox 422 866 2219 949; baseline 0.002 -18"><span class='ocrx_word' id='word_1_45' title='bbox 422 874 686 932; x_wconf 84' lang='lat' dir='ltr'><strong>brevibus</strong></span> <span class='ocrx_word' id='word_1_46' title='bbox 713 874 908 946; x_wconf 88' lang='lat' dir='ltr'><strong>hastis,</strong></span> <span class='ocrx_word' id='word_1_47' title='bbox 936 872 1172 931; x_wconf 89' lang='lat' dir='ltr'><strong>minutis</strong></span> <span class='ocrx_word' id='word_1_48' title='bbox 1215 874 1422 949; x_wconf 84' lang='lat' dir='ltr'>gladiis</span> <span class='ocrx_word' id='word_1_49' title='bbox 1470 866 1781 933; x_wconf 80' lang='lat' dir='ltr'><strong>uterentur.</strong></span> <span class='ocrx_word' id='word_1_50' title='bbox 1864 874 1969 933; x_wconf 90' lang='lat' dir='ltr'><strong>Ille</strong></span> <span class='ocrx_word' id='word_1_51' title='bbox 2011 895 2056 932; x_wconf 83' lang='lat' dir='ltr'><strong>e.</strong></span> <span class='ocrx_word' id='word_1_52' title='bbox 2086 894 2219 934; x_wconf 92' lang='lat' dir='ltr'><strong>con-</strong></span> 
     </span>
     <span class='ocr_line' id='line_1_8' title="bbox 421 970 2219 1049; baseline 0 -21"><span class='ocrx_word' id='word_1_53' title='bbox 421 971 593 1029; x_wconf 83' lang='lat' dir='ltr'><strong>trario</strong></span> <span class='ocrx_word' id='word_1_54' title='bbox 644 972 855 1047; x_wconf 92' lang='lat' dir='ltr'><strong>peltam</strong></span> <span class='ocrx_word' id='word_1_55' title='bbox 907 990 1009 1046; x_wconf 90' lang='lat' dir='ltr'><strong>pro</strong></span> <span class='ocrx_word' id='word_1_56' title='bbox 1043 971 1241 1047; x_wconf 67' lang='lat' dir='ltr'><strong>parma</strong></span> <span class='ocrx_word' id='word_1_57' title='bbox 1285 970 1422 1046; x_wconf 88' lang='lat' dir='ltr'><strong>fecit</strong></span> <span class='ocrx_word' id='word_1_58' title='bbox 1471 971 1534 1049; x_wconf 91' lang='lat' dir='ltr'><strong>(a</strong></span> <span class='ocrx_word' id='word_1_59' title='bbox 1575 991 1686 1046; x_wconf 93' lang='lat' dir='ltr'><strong>quo</strong></span> <span class='ocrx_word' id='word_1_60' title='bbox 1733 982 1930 1048; x_wconf 90' lang='lat' dir='ltr'><strong>postea</strong></span> <span class='ocrx_word' id='word_1_61' title='bbox 1953 973 2219 1048; x_wconf 64' lang='lat' dir='ltr'><strong>peltastae</strong></span> 
     </span>
     <span class='ocr_line' id='line_1_9' title="bbox 421 1067 2221 1146; baseline 0.002 -22"><span class='ocrx_word' id='word_1_62' title='bbox 421 1068 642 1143; x_wconf 82' lang='lat' dir='ltr'><strong>pedites</strong></span> <span class='ocrx_word' id='word_1_63' title='bbox 670 1067 1074 1146; x_wconf 82' lang='lat' dir='ltr'><strong>appellantur),</strong></span> <span class='ocrx_word' id='word_1_64' title='bbox 1104 1079 1167 1125; x_wconf 91' lang='lat' dir='ltr'><strong>ut</strong></span> <span class='ocrx_word' id='word_1_65' title='bbox 1193 1068 1283 1129; x_wconf 53' lang='lat' dir='ltr'><strong>sad</strong></span> <span class='ocrx_word' id='word_1_66' title='bbox 1325 1080 1513 1126; x_wconf 89' lang='lat' dir='ltr'><strong>motus</strong></span> <span class='ocrx_word' id='word_1_67' title='bbox 1555 1088 1980 1145; x_wconf 81' lang='lat' dir='ltr'><strong>concursusque</strong></span> <span class='ocrx_word' id='word_1_68' title='bbox 2026 1082 2221 1128; x_wconf 88' lang='lat' dir='ltr'><strong>essent</strong></span> 
     </span>
     <span class='ocr_line' id='line_1_10' title="bbox 421 1163 2221 1243; baseline 0.002 -23"><span class='ocrx_word' id='word_1_69' title='bbox 421 1164 675 1223; x_wconf 75' lang='lat' dir='ltr'><strong>leviores,</strong></span> <span class='ocrx_word' id='word_1_70' title='bbox 757 1163 957 1222; x_wconf 76' lang='lat' dir='ltr'><strong>Hastae</strong></span> <span class='ocrx_word' id='word_1_71' title='bbox 987 1165 1219 1222; x_wconf 86' lang='lat' dir='ltr'><strong>modum</strong></span> <span class='ocrx_word' id='word_1_72' title='bbox 1253 1164 1603 1241; x_wconf 81' lang='lat' dir='ltr'><strong>duplicavit3</strong></span> <span class='ocrx_word' id='word_1_73' title='bbox 1661 1165 1883 1241; x_wconf 87' lang='lat' dir='ltr'><strong>gladios</strong></span> <span class='ocrx_word' id='word_1_74' title='bbox 1931 1165 2221 1243; x_wconf 86' lang='lat' dir='ltr'><strong>longiores</strong></span> 
     </span>
     <span class='ocr_line' id='line_1_11' title="bbox 312 1258 2219 1338; baseline 0.003 -23"><span class='ocrx_word' id='word_1_75' title='bbox 312 1261 384 1316; x_wconf 84' lang='lat'><strong>10</strong></span> <span class='ocrx_word' id='word_1_76' title='bbox 424 1260 575 1321; x_wconf 87' lang='lat' dir='ltr'><strong>fecit.</strong></span> <span class='ocrx_word' id='word_1_77' title='bbox 659 1258 824 1316; x_wconf 89' lang='lat' dir='ltr'><strong>Idem</strong></span> <span class='ocrx_word' id='word_1_78' title='bbox 876 1278 1061 1336; x_wconf 86' lang='lat' dir='ltr'><strong>genus</strong></span> <span class='ocrx_word' id='word_1_79' title='bbox 1112 1259 1416 1318; x_wconf 89' lang='lat' dir='ltr'><strong>loricarum</strong></span> <span class='ocrx_word' id='word_1_80' title='bbox 1476 1261 1736 1335; x_wconf 87' lang='lat' dir='ltr'><strong>mutavit,</strong></span> <span class='ocrx_word' id='word_1_81' title='bbox 1784 1273 1842 1319; x_wconf 92' lang='lat' dir='ltr'><strong>et</strong></span> <span class='ocrx_word' id='word_1_82' title='bbox 1894 1281 1996 1338; x_wconf 92' lang='lat' dir='ltr'><strong>pro</strong></span> <span class='ocrx_word' id='word_1_83' title='bbox 2051 1262 2219 1321; x_wconf 89' lang='lat' dir='ltr'><strong>sertis</strong></span> 
     </span>
     <span class='ocr_line' id='line_1_12' title="bbox 425 1359 2222 1438; baseline 0.003 -22"><span class='ocrx_word' id='word_1_84' title='bbox 425 1372 591 1434; x_wconf 90' lang='lat' dir='ltr'><strong>atque</strong></span> <span class='ocrx_word' id='word_1_85' title='bbox 641 1359 816 1416; x_wconf 86' lang='lat' dir='ltr'><strong>aeneis</strong></span> <span class='ocrx_word' id='word_1_86' title='bbox 873 1359 1081 1417; x_wconf 89' lang='lat' dir='ltr'><strong>linteas</strong></span> <span class='ocrx_word' id='word_1_87' title='bbox 1144 1359 1318 1418; x_wconf 91' lang='lat' dir='ltr'><strong>dedit.</strong></span> <span class='ocrx_word' id='word_1_88' title='bbox 1426 1360 1567 1422; x_wconf 76' lang='lat' dir='ltr'><strong>Quo</strong></span> <span class='ocrx_word' id='word_1_89' title='bbox 1631 1363 1784 1420; x_wconf 89' lang='lat' dir='ltr'><strong>facto</strong></span> <span class='ocrx_word' id='word_1_90' title='bbox 1842 1359 2222 1438; x_wconf 63' lang='lat' dir='ltr'><strong>expeditiores</strong></span> 
     </span>
     <span class='ocr_line' id='line_1_13' title="bbox 401 1454 2221 1535; baseline 0.002 -23"><span class='ocrx_word' id='word_1_91' title='bbox 401 1454 633 1512; x_wconf 87' lang='lat' dir='ltr'><strong>·milites</strong></span> <span class='ocrx_word' id='word_1_92' title='bbox 684 1454 946 1513; x_wconf 90' lang='lat' dir='ltr'><strong>reddidit.</strong></span> <span class='ocrx_word' id='word_1_93' title='bbox 1030 1455 1185 1523; x_wconf 89' lang='lat' dir='ltr'><strong>Nam</strong></span> <span class='ocrx_word' id='word_1_94' title='bbox 1237 1457 1508 1533; x_wconf 88' lang='lat' dir='ltr'><strong>pondere</strong></span> <span class='ocrx_word' id='word_1_95' title='bbox 1534 1459 1815 1533; x_wconf 86' lang='lat' dir='ltr'><strong>detracto,</strong></span> <span class='ocrx_word' id='word_1_96' title='bbox 1863 1460 2014 1534; x_wconf 92' lang='lat' dir='ltr'><strong>quod</strong></span> <span class='ocrx_word' id='word_1_97' title='bbox 2058 1458 2221 1535; x_wconf 75' lang='lat' dir='ltr'><strong>aeque</strong></span> 
     </span>
     <span class='ocr_line' id='line_1_14' title="bbox 425 1553 1672 1628; baseline 0.003 -20"><span class='ocrx_word' id='word_1_98' title='bbox 425 1570 631 1627; x_wconf 87' lang='lat' dir='ltr'><strong>corpus</strong></span> <span class='ocrx_word' id='word_1_99' title='bbox 657 1564 877 1628; x_wconf 86' lang='lat' dir='ltr'><strong>tegeret</strong></span> <span class='ocrx_word' id='word_1_100' title='bbox 903 1565 963 1611; x_wconf 91' lang='lat' dir='ltr'><strong>et</strong></span> <span class='ocrx_word' id='word_1_101' title='bbox 987 1554 1111 1611; x_wconf 88' lang='lat' dir='ltr'><strong>leve</strong></span> <span class='ocrx_word' id='word_1_102' title='bbox 1139 1566 1311 1627; x_wconf 89' lang='lat' dir='ltr'><strong>esset,</strong></span> <span class='ocrx_word' id='word_1_103' title='bbox 1341 1553 1598 1612; x_wconf 45' lang='lat' dir='ltr'><strong>curavit.¹</strong></span> <span class='ocrx_word' id='word_1_104' title='bbox 1667 1587 1672 1593; x_wconf 91' lang='lat'><strong>·</strong></span> 
     </span>
     <span class='ocr_line' id='line_1_15' title="bbox 503 1642 2226 1726; baseline 0.002 -22"><span class='ocrx_word' id='word_1_105' title='bbox 503 1647 582 1704; x_wconf 72' lang='lat' dir='ltr'><strong>II.</strong></span> <span class='ocrx_word' id='word_1_106' title='bbox 667 1649 889 1706; x_wconf 89' lang='lat' dir='ltr'><strong>Bellum</strong></span> <span class='ocrx_word' id='word_1_107' title='bbox 918 1668 1051 1707; x_wconf 91' lang='lat' dir='ltr'><strong>cum</strong></span> <span class='ocrx_word' id='word_1_108' title='bbox 1079 1649 1410 1723; x_wconf 84' lang='lat' dir='ltr'><strong>Thracibus</strong></span> <span class='ocrx_word' id='word_1_109' title='bbox 1437 1649 1648 1726; x_wconf 82' lang='lat' dir='ltr'><strong>gessit3</strong></span> <span class='ocrx_word' id='word_1_110' title='bbox 1692 1642 1970 1723; x_wconf 72' lang='lat' dir='ltr'><strong>seuthen,</strong></span> <span class='ocrx_word' id='word_1_111' title='bbox 2005 1650 2226 1708; x_wconf 90' lang='lat' dir='ltr'><strong>socium</strong></span> 
     </span>
     <span class='ocr_line' id='line_1_16' title="bbox 314 1744 2226 1823; baseline 0.001 -22"><span class='ocrx_word' id='word_1_112' title='bbox 314 1745 388 1801; x_wconf 88' lang='grc'><strong>15</strong></span> <span class='ocrx_word' id='word_1_113' title='bbox 429 1744 895 1818; x_wconf 90' lang='lat' dir='ltr'><strong>Atheniensium,</strong></span> <span class='ocrx_word' id='word_1_114' title='bbox 929 1744 989 1802; x_wconf 92' lang='lat' dir='ltr'><strong>in</strong></span> <span class='ocrx_word' id='word_1_115' title='bbox 1025 1765 1269 1823; x_wconf 86' lang='lat' dir='ltr'><strong>regnum</strong></span> <span class='ocrx_word' id='word_1_116' title='bbox 1316 1744 1579 1804; x_wconf 87' lang='lat' dir='ltr'><strong>restituit.</strong></span> <span class='ocrx_word' id='word_1_117' title='bbox 1645 1746 1839 1822; x_wconf 79' lang='lat' dir='ltr'><strong>-Apud</strong></span> <span class='ocrx_word' id='word_1_118' title='bbox 1883 1744 2226 1803; x_wconf 90' lang='lat' dir='ltr'><strong>Corinthum</strong></span> 
     </span>
     <span class='ocr_line' id='line_1_17' title="bbox 427 1830 2226 1918; baseline 0 -20"><span class='ocrx_word' id='word_1_119' title='bbox 427 1831 586 1899; x_wconf 71' lang='lat' dir='ltr'><strong>tanta</strong></span> <span class='ocrx_word' id='word_1_120' title='bbox 624 1841 923 1900; x_wconf 87' lang='lat' dir='ltr'><strong>severitate</strong></span> <span class='ocrx_word' id='word_1_121' title='bbox 951 1842 1231 1900; x_wconf 87' lang='lat' dir='ltr'><strong>exercitui</strong></span> <span class='ocrx_word' id='word_1_122' title='bbox 1268 1842 1513 1918; x_wconf 81' lang='lat' dir='ltr'><strong>praesuit,</strong></span> <span class='ocrx_word' id='word_1_123' title='bbox 1558 1854 1622 1900; x_wconf 92' lang='lat' dir='ltr'><strong>ut</strong></span> <span class='ocrx_word' id='word_1_124' title='bbox 1648 1843 1820 1900; x_wconf 81' lang='lat' dir='ltr'><strong>nullae</strong></span> <span class='ocrx_word' id='word_1_125' title='bbox 1864 1860 2116 1916; x_wconf 90' lang='lat' dir='ltr'><strong>unquam</strong></span> <span class='ocrx_word' id='word_1_126' title='bbox 2161 1830 2226 1899; x_wconf 34' lang='lat' dir='ltr'><strong>‘in</strong></span> 
     </span>
     <span class='ocr_line' id='line_1_18' title="bbox 423 1936 2227 2019; baseline 0.001 -25"><span class='ocrx_word' id='word_1_127' title='bbox 423 1936 651 1995; x_wconf 68' lang='lat' dir='ltr'><strong>Graecia</strong></span> <span class='ocrx_word' id='word_1_128' title='bbox 677 1957 863 2013; x_wconf 90' lang='lat' dir='ltr'><strong>neque</strong></span> <span class='ocrx_word' id='word_1_129' title='bbox 898 1937 1327 2019; x_wconf 82' lang='lat' dir='ltr'><strong>exercitatiores</strong></span> <span class='ocrx_word' id='word_1_130' title='bbox 1372 1938 1572 2014; x_wconf 87' lang='lat' dir='ltr'><strong>copiae,</strong></span> <span class='ocrx_word' id='word_1_131' title='bbox 1616 1957 1802 2014; x_wconf 91' lang='lat' dir='ltr'><strong>neque</strong></span> <span class='ocrx_word' id='word_1_132' title='bbox 1845 1937 2030 2013; x_wconf 87' lang='lat' dir='ltr'><strong>magis</strong></span> <span class='ocrx_word' id='word_1_133' title='bbox 2071 1937 2227 1996; x_wconf 89' lang='lat' dir='ltr'><strong>dicto</strong></span> 
     </span>
     <span class='ocr_line' id='line_1_19' title="bbox 428 2035 2227 2111; baseline 0.001 -21"><span class='ocrx_word' id='word_1_134' title='bbox 428 2035 725 2092; x_wconf 90' lang='lat' dir='ltr'><strong>audientes</strong></span> <span class='ocrx_word' id='word_1_135' title='bbox 779 2035 990 2092; x_wconf 87' lang='lat' dir='ltr'><strong>fuerint</strong></span> <span class='ocrx_word' id='word_1_136' title='bbox 1063 2035 1216 2091; x_wconf 90' lang='lat' dir='ltr'><strong>duci.</strong></span> <span class='ocrx_word' id='word_1_137' title='bbox 1325 2035 1398 2091; x_wconf 93' lang='lat' dir='ltr'><strong>In</strong></span> <span class='ocrx_word' id='word_1_138' title='bbox 1452 2054 1689 2111; x_wconf 89' lang='lat' dir='ltr'><strong>eamque</strong></span> <span class='ocrx_word' id='word_1_139' title='bbox 1753 2035 2227 2093; x_wconf 91' lang='lat' dir='ltr'><strong>consuetudinem</strong></span> 
     </span>
     <span class='ocr_line' id='line_1_20' title="bbox 431 2129 2228 2204; baseline 0.002 -18"><span class='ocrx_word' id='word_1_140' title='bbox 431 2130 684 2201; x_wconf 86' lang='lat' dir='ltr'><strong>adduxit,</strong></span> <span class='ocrx_word' id='word_1_141' title='bbox 734 2143 797 2187; x_wconf 90' lang='lat' dir='ltr'><strong>ut</strong></span> <span class='ocrx_word' id='word_1_142' title='bbox 848 2147 1024 2203; x_wconf 91' lang='lat' dir='ltr'><strong>quum</strong></span> <span class='ocrx_word' id='word_1_143' title='bbox 1077 2129 1263 2204; x_wconf 89' lang='lat' dir='ltr'><strong>proelii</strong></span> <span class='ocrx_word' id='word_1_144' title='bbox 1318 2129 1546 2204; x_wconf 88' lang='lat' dir='ltr'><strong>signum</strong></span> <span class='ocrx_word' id='word_1_145' title='bbox 1597 2130 1668 2185; x_wconf 90' lang='lat' dir='ltr'><strong>ab</strong></span> <span class='ocrx_word' id='word_1_146' title='bbox 1710 2130 2049 2204; x_wconf 87' lang='lat' dir='ltr'><strong>imperatore</strong></span> <span class='ocrx_word' id='word_1_147' title='bbox 2077 2140 2228 2189; x_wconf 90' lang='lat' dir='ltr'><strong>esset</strong></span> 
     </span>
     <span class='ocr_line' id='line_1_21' title="bbox 311 2213 2229 2300; baseline 0.001 -18"><span class='ocrx_word' id='word_1_148' title='bbox 311 2226 390 2282; x_wconf 78' lang='lat'><strong>20</strong></span> <span class='ocrx_word' id='word_1_149' title='bbox 428 2224 645 2297; x_wconf 90' lang='lat' dir='ltr'><strong>datum,</strong></span> <span class='ocrx_word' id='word_1_150' title='bbox 672 2224 798 2296; x_wconf 85' lang='lat' dir='ltr'><strong>sine</strong></span> <span class='ocrx_word' id='word_1_151' title='bbox 843 2223 1008 2280; x_wconf 91' lang='lat' dir='ltr'><strong>ducis</strong></span> <span class='ocrx_word' id='word_1_152' title='bbox 1057 2223 1231 2300; x_wconf 70' lang='lat' dir='ltr'><strong>opera</strong></span> <span class='ocrx_word' id='word_1_153' title='bbox 1276 2224 1361 2281; x_wconf 89' lang='lat' dir='ltr'><strong>sic</strong></span> <span class='ocrx_word' id='word_1_154' title='bbox 1403 2223 1679 2282; x_wconf 85' lang='lat' dir='ltr'><strong>ordinatae</strong></span> <span class='ocrx_word' id='word_1_155' title='bbox 1722 2213 2120 2297; x_wconf 88' lang='lat' dir='ltr'><strong>consisterent,</strong></span> <span class='ocrx_word' id='word_1_156' title='bbox 2166 2239 2229 2284; x_wconf 90' lang='lat' dir='ltr'><strong>ut</strong></span> 
     </span>
     <span class='ocr_line' id='line_1_22' title="bbox 430 2317 2226 2395; baseline 0.002 -19"><span class='ocrx_word' id='word_1_157' title='bbox 430 2319 642 2395; x_wconf 88' lang='lat' dir='ltr'><strong>singuli</strong></span> <span class='ocrx_word' id='word_1_158' title='bbox 687 2319 758 2375; x_wconf 89' lang='lat' dir='ltr'><strong>ab</strong></span> <span class='ocrx_word' id='word_1_159' title='bbox 799 2317 1144 2395; x_wconf 90' lang='lat' dir='ltr'><strong>peritissimo</strong></span> <span class='ocrx_word' id='word_1_160' title='bbox 1193 2318 1532 2395; x_wconf 88' lang='lat' dir='ltr'><strong>imperatore</strong></span> <span class='ocrx_word' id='word_1_161' title='bbox 1579 2319 1838 2395; x_wconf 89' lang='lat' dir='ltr'><strong>dispositi</strong></span> <span class='ocrx_word' id='word_1_162' title='bbox 1879 2320 2226 2380; x_wconf 84' lang='lat' dir='ltr'><strong>viderentur.</strong></span> 
     </span>
     <span class='ocr_line' id='line_1_23' title="bbox 433 2415 2228 2493; baseline 0.001 -19"><span class='ocrx_word' id='word_1_163' title='bbox 433 2415 565 2474; x_wconf 89' lang='lat' dir='ltr'><strong>Hoc</strong></span> <span class='ocrx_word' id='word_1_164' title='bbox 590 2415 846 2477; x_wconf 86' lang='lat' dir='ltr'><strong>exercitu</strong></span> <span class='ocrx_word' id='word_1_165' title='bbox 872 2433 1090 2476; x_wconf 89' lang='lat' dir='ltr'><strong>moram</strong></span> <span class='ocrx_word' id='word_1_166' title='bbox 1118 2415 1687 2474; x_wconf 69' lang='lat' dir='ltr'><strong>Lacedaemoniorum</strong></span> <span class='ocrx_word' id='word_1_167' title='bbox 1709 2415 2012 2493; x_wconf 90' lang='lat' dir='ltr'><strong>intercepit</strong></span> <span class='ocrx_word' id='word_1_168' title='bbox 2037 2438 2050 2475; x_wconf 79' lang='lat' dir='ltr'>z</span> <span class='ocrx_word' id='word_1_169' title='bbox 2078 2415 2228 2493; x_wconf 89' lang='lat' dir='ltr'><strong>quod</strong></span> 
     </span>
     <span class='ocr_line' id='line_1_24' title="bbox 430 2508 2227 2573; baseline 0.001 -2"><span class='ocrx_word' id='word_1_170' title='bbox 430 2511 678 2572; x_wconf 73' lang='lat' dir='ltr'><strong>maxime</strong></span> <span class='ocrx_word' id='word_1_171' title='bbox 717 2513 837 2571; x_wconf 66' lang='lat' dir='ltr'><strong>tota</strong></span> <span class='ocrx_word' id='word_1_172' title='bbox 885 2513 1242 2571; x_wconf 60' lang='lat' dir='ltr'><strong>celebratum,</strong></span> <span class='ocrx_word' id='word_1_173' title='bbox 1290 2508 1378 2571; x_wconf 77' lang='lat' dir='ltr'><strong>est</strong></span> <span class='ocrx_word' id='word_1_174' title='bbox 1427 2512 1674 2571; x_wconf 71' lang='lat' dir='ltr'><strong>Graecia.</strong></span> <span class='ocrx_word' id='word_1_175' title='bbox 1756 2513 1975 2572; x_wconf 86' lang='lat' dir='ltr'><strong>Iterum</strong></span> <span class='ocrx_word' id='word_1_176' title='bbox 2026 2515 2227 2573; x_wconf 90' lang='lat' dir='ltr'><strong>eodem</strong></span> 
     </span>
     <span class='ocr_line' id='line_1_25' title="bbox 433 2596 2229 2687; baseline 0.002 -21"><span class='ocrx_word' id='word_1_177' title='bbox 433 2610 582 2668; x_wconf 92' lang='lat' dir='ltr'><strong>bello</strong></span> <span class='ocrx_word' id='word_1_178' title='bbox 601 2596 802 2667; x_wconf 80' lang='lat' dir='ltr'><strong>om‘nes</strong></span> <span class='ocrx_word' id='word_1_179' title='bbox 829 2608 1024 2683; x_wconf 90' lang='lat' dir='ltr'><strong>copias</strong></span> <span class='ocrx_word' id='word_1_180' title='bbox 1050 2628 1249 2676; x_wconf 82' lang='lat' dir='ltr'><strong>eorum</strong></span> <span class='ocrx_word' id='word_1_181' title='bbox 1278 2608 1509 2687; x_wconf 85' lang='lat' dir='ltr'><strong>fugavit.</strong></span> <span class='ocrx_word' id='word_1_182' title='bbox 1591 2609 1732 2672; x_wconf 79' lang='lat' dir='ltr'><strong>Quo</strong></span> <span class='ocrx_word' id='word_1_183' title='bbox 1772 2610 1924 2668; x_wconf 82' lang='lat' dir='ltr'><strong>facto</strong></span> <span class='ocrx_word' id='word_1_184' title='bbox 1964 2628 2229 2687; x_wconf 87' lang='lat' dir='ltr'><strong>magnam</strong></span> 
     </span>
     <span class='ocr_line' id='line_1_26' title="bbox 315 2704 2228 2784; baseline -0.001 -21"><span class='ocrx_word' id='word_1_185' title='bbox 315 2707 396 2768; x_wconf 76' lang='lat'><strong>25</strong></span> <span class='ocrx_word' id='word_1_186' title='bbox 434 2706 672 2782; x_wconf 86' lang='lat' dir='ltr'><strong>adeptus</strong></span> <span class='ocrx_word' id='word_1_187' title='bbox 699 2716 787 2763; x_wconf 89' lang='lat' dir='ltr'><strong>est</strong></span> <span class='ocrx_word' id='word_1_188' title='bbox 812 2704 1068 2784; x_wconf 82' lang='lat' dir='ltr'><strong>gloriam.</strong></span> <span class='ocrx_word' id='word_1_189' title='bbox 1149 2704 1352 2767; x_wconf 79' lang='lat' dir='ltr'><strong>Quum</strong></span> <span class='ocrx_word' id='word_1_190' title='bbox 1396 2707 1743 2763; x_wconf 77' lang='lat' dir='ltr'><strong>Artaxerxes</strong></span> <span class='ocrx_word' id='word_1_191' title='bbox 1791 2705 2063 2782; x_wconf 86' lang='lat' dir='ltr'><strong>AEgyptio</strong></span> <span class='ocrx_word' id='word_1_192' title='bbox 2108 2706 2228 2783; x_wconf 88' lang='lat' dir='ltr'><strong>regi</strong></span> 
     </span>
     <span class='ocr_line' id='line_1_27' title="bbox 434 2801 2230 2879; baseline 0 -19"><span class='ocrx_word' id='word_1_193' title='bbox 434 2803 645 2861; x_wconf 92' lang='lat' dir='ltr'><strong>bellum</strong></span> <span class='ocrx_word' id='word_1_194' title='bbox 672 2802 882 2860; x_wconf 86' lang='lat' dir='ltr'><strong>inferre</strong></span> <span class='ocrx_word' id='word_1_195' title='bbox 907 2802 1104 2875; x_wconf 86' lang='lat' dir='ltr'><strong>voluit,</strong></span> <span class='ocrx_word' id='word_1_196' title='bbox 1133 2801 1483 2878; x_wconf 86' lang='lat' dir='ltr'><strong>Iphicratem</strong></span> <span class='ocrx_word' id='word_1_197' title='bbox 1512 2804 1584 2860; x_wconf 90' lang='lat' dir='ltr'><strong>ab</strong></span> <span class='ocrx_word' id='word_1_198' title='bbox 1611 2802 2066 2862; x_wconf 88' lang='lat' dir='ltr'><strong>Atheniensibus</strong></span> <span class='ocrx_word' id='word_1_199' title='bbox 2092 2803 2230 2879; x_wconf 91' lang='lat' dir='ltr'><strong>peti-</strong></span> 
     </span>
     <span class='ocr_line' id='line_1_28' title="bbox 434 2898 2230 2976; baseline 0.001 -21"><span class='ocrx_word' id='word_1_200' title='bbox 434 2900 514 2959; x_wconf 85' lang='lat' dir='ltr'><strong>vit</strong></span> <span class='ocrx_word' id='word_1_201' title='bbox 538 2901 768 2972; x_wconf 91' lang='lat' dir='ltr'><strong>ducem,</strong></span> <span class='ocrx_word' id='word_1_202' title='bbox 796 2917 966 2974; x_wconf 89' lang='lat' dir='ltr'><strong>quem</strong></span> <span class='ocrx_word' id='word_1_203' title='bbox 992 2898 1308 2976; x_wconf 85' lang='lat' dir='ltr'><strong>praeficeret</strong></span> <span class='ocrx_word' id='word_1_204' title='bbox 1333 2898 1613 2958; x_wconf 87' lang='lat' dir='ltr'><strong>exercitui</strong></span> <span class='ocrx_word' id='word_1_205' title='bbox 1648 2898 2021 2973; x_wconf 74' lang='lat' dir='ltr'><strong>conductitio,</strong></span> <span class='ocrx_word' id='word_1_206' title='bbox 2065 2899 2230 2974; x_wconf 88' lang='lat' dir='ltr'><strong>cujus</strong></span> 
     </span>
     <span class='ocr_line' id='line_1_29' title="bbox 435 2995 2254 3072; baseline -0.001 -19"><span class='ocrx_word' id='word_1_207' title='bbox 435 3015 721 3068; x_wconf 82' lang='lat' dir='ltr'><strong>numerus¹</strong></span> <span class='ocrx_word' id='word_1_208' title='bbox 760 2995 1063 3054; x_wconf 89' lang='lat' dir='ltr'><strong>duodecim</strong></span> <span class='ocrx_word' id='word_1_209' title='bbox 1114 2995 1356 3053; x_wconf 89' lang='lat' dir='ltr'><strong>millium</strong></span> <span class='ocrx_word' id='word_1_210' title='bbox 1411 2995 1532 3053; x_wconf 80' lang='lat' dir='ltr'><strong>fuit.</strong></span> <span class='ocrx_word' id='word_1_211' title='bbox 1613 2995 1810 3057; x_wconf 73' lang='lat' dir='ltr'><strong>Quem</strong></span> <span class='ocrx_word' id='word_1_212' title='bbox 1865 2996 2093 3072; x_wconf 89' lang='lat' dir='ltr'><strong>quidem</strong></span> <span class='ocrx_word' id='word_1_213' title='bbox 2145 2995 2254 3066; x_wconf 62' lang='lat' dir='ltr'><strong>sic,</strong></span> 
     </span>
     <span class='ocr_line' id='line_1_30' title="bbox 437 3090 2229 3169; baseline -0.001 -19"><span class='ocrx_word' id='word_1_214' title='bbox 437 3092 592 3150; x_wconf 89' lang='lat' dir='ltr'><strong>omni</strong></span> <span class='ocrx_word' id='word_1_215' title='bbox 645 3092 951 3169; x_wconf 68' lang='lat' dir='ltr'><strong>disciplina</strong></span> <span class='ocrx_word' id='word_1_216' title='bbox 1004 3091 1237 3149; x_wconf 89' lang='lat' dir='ltr'><strong>militari</strong></span> <span class='ocrx_word' id='word_1_217' title='bbox 1292 3090 1557 3164; x_wconf 71' lang='lat' dir='ltr'><strong>erudivit,</strong></span> <span class='ocrx_word' id='word_1_218' title='bbox 1612 3104 1695 3165; x_wconf 90' lang='lat' dir='ltr'><strong>ut,</strong></span> <span class='ocrx_word' id='word_1_219' title='bbox 1751 3091 2229 3167; x_wconf 87' lang='lat' dir='ltr'><strong>quemadmodum</strong></span> 
     </span>
     <span class='ocr_line' id='line_1_31' title="bbox 320 3181 2323 3264; baseline -0.001 -18"><span class='ocrx_word' id='word_1_220' title='bbox 320 3189 400 3246; x_wconf 84' lang='lat'><strong>30</strong></span> <span class='ocrx_word' id='word_1_221' title='bbox 438 3181 724 3263; x_wconf 70' lang='lat' dir='ltr'><strong>qu&#39;ondam</strong></span> <span class='ocrx_word' id='word_1_222' title='bbox 774 3188 1031 3245; x_wconf 76' lang='lat' dir='ltr'><strong>Fabiani</strong></span> <span class='ocrx_word' id='word_1_223' title='bbox 1080 3187 1290 3246; x_wconf 88' lang='lat' dir='ltr'><strong>milites</strong></span> <span class='ocrx_word' id='word_1_224' title='bbox 1338 3186 1591 3246; x_wconf 88' lang='lat' dir='ltr'><strong>Romani</strong></span> <span class='ocrx_word' id='word_1_225' title='bbox 1640 3183 1906 3264; x_wconf 88' lang='lat' dir='ltr'><strong>appellati</strong></span> <span class='ocrx_word' id='word_1_226' title='bbox 1952 3197 2106 3259; x_wconf 77' lang='lat' dir='ltr'><strong>sunt,</strong></span> <span class='ocrx_word' id='word_1_227' title='bbox 2146 3187 2230 3244; x_wconf 91' lang='lat' dir='ltr'><strong>sic</strong></span> <span class='ocrx_word' id='word_1_228' title='bbox 2319 3229 2323 3233; x_wconf 21' lang='grc' dir='ltr'><strong>Α</strong></span> 
     </span>
     <span class='ocr_line' id='line_1_32' title="bbox 439 3271 2226 3364; baseline -0.001 -23"><span class='ocrx_word' id='word_1_229' title='bbox 439 3283 854 3364; x_wconf 74' lang='lat' dir='ltr'><strong>Iphicratenses</strong></span> <span class='ocrx_word' id='word_1_230' title='bbox 909 3271 1059 3360; x_wconf 87' lang='lat' dir='ltr'><strong>apud</strong></span> <span class='ocrx_word' id='word_1_231' title='bbox 1106 3284 1343 3342; x_wconf 85' lang='lat' dir='ltr'><strong>Graecos</strong></span> <span class='ocrx_word' id='word_1_232' title='bbox 1397 3283 1457 3340; x_wconf 91' lang='lat' dir='ltr'><strong>in</strong></span> <span class='ocrx_word' id='word_1_233' title='bbox 1511 3286 1735 3342; x_wconf 66' lang='lat' dir='ltr'><strong>summa</strong></span> <span class='ocrx_word' id='word_1_234' title='bbox 1785 3283 1955 3341; x_wconf 88' lang='lat' dir='ltr'><strong>laude</strong></span> <span class='ocrx_word' id='word_1_235' title='bbox 2000 3283 2226 3341; x_wconf 88' lang='lat' dir='ltr'><strong>fuerint.</strong></span> 
     </span>
     <span class='ocr_line' id='line_1_33' title="bbox 440 3377 2246 3456; baseline 0.001 -20"><span class='ocrx_word' id='word_1_236' title='bbox 440 3379 604 3436; x_wconf 92' lang='lat' dir='ltr'><strong>Idem</strong></span> <span class='ocrx_word' id='word_1_237' title='bbox 658 3378 911 3438; x_wconf 89' lang='lat' dir='ltr'><strong>subsidio</strong></span> <span class='ocrx_word' id='word_1_238' title='bbox 954 3378 1414 3438; x_wconf 88' lang='lat' dir='ltr'><strong>Lacedaemoniis</strong></span> <span class='ocrx_word' id='word_1_239' title='bbox 1452 3381 1760 3456; x_wconf 74' lang='lat' dir='ltr'><strong>profectuS,</strong></span> <span class='ocrx_word' id='word_1_240' title='bbox 1815 3377 2246 3455; x_wconf 51' lang='lat' dir='ltr'><strong>Epaminonda*</strong></span> 
     </span>
     <span class='ocr_line' id='line_1_34' title="bbox 440 3473 2230 3552; baseline 0 -19"><span class='ocrx_word' id='word_1_241' title='bbox 440 3474 748 3534; x_wconf 78' lang='lat' dir='ltr'><strong>retardavit</strong></span> <span class='ocrx_word' id='word_1_242' title='bbox 774 3474 1032 3551; x_wconf 84' lang='lat' dir='ltr'><strong>impetus.</strong></span> <span class='ocrx_word' id='word_1_243' title='bbox 1116 3473 1271 3533; x_wconf 91' lang='lat' dir='ltr'><strong>Nam</strong></span> <span class='ocrx_word' id='word_1_244' title='bbox 1297 3474 1412 3534; x_wconf 88' lang='lat' dir='ltr'><strong>nisi</strong></span> <span class='ocrx_word' id='word_1_245' title='bbox 1436 3475 1562 3552; x_wconf 88' lang='lat' dir='ltr'><strong>ejus</strong></span> <span class='ocrx_word' id='word_1_246' title='bbox 1610 3477 1887 3535; x_wconf 86' lang='lat' dir='ltr'><strong>adventus</strong></span> <span class='ocrx_word' id='word_1_247' title='bbox 1934 3475 2230 3552; x_wconf 90' lang='lat' dir='ltr'><strong>appropin-</strong></span> 
     </span>
    </p>
   </div>
  </div>
 </body>
</html>
