2492 4207
253 282 365 339 112
839 295 901 344 Τ.
935 294 1338 345 POMPONIUS
1369 293 1690 344 ATTICUS.

365 450 569 528 inquit'
589 454 953 530 Pomponius,
997 452 1294 511 adverst
1331 473 1418 511 eos
1463 461 1544 510 me
1589 452 1723 511 velle
1768 452 1982 527 ducere,
2028 456 2156 512 cum

360 549 559 624 quibus
585 569 651 607 ne
694 559 891 607 contra
933 558 984 607 te
1025 568 1186 605 arma
1208 547 1448 625 ferrem,
1491 548 1728 605 Italiam
1768 549 1984 624 reliqui.
2065 549 2151 607 At

361 643 537 715 Sulla,
592 644 967 702 adolescentis
1018 643 1206 702 officio
1270 644 1628 716 collaudato,
1665 644 1858 701 omnia
1908 662 2148 701 munera

358 737 433 810 ei,
460 757 585 813 quae
633 739 879 797 Athenis
921 733 1240 816 acceperat,
1287 738 1654 815 proficiscens
1701 738 1868 814 jussit
1921 738 2142 796 deferri.

281 833 322 889 5
361 831 480 890 Hic
522 836 841 911 complures
885 855 1063 894 annos
1105 846 1374 908 moratus,
1426 852 1601 910 quum
1653 846 1712 892 et
1756 834 1840 892 rei
1885 833 2151 893 familiari

360 939 581 987 tantum
621 947 806 1006 operae
854 931 1034 1003 daret,
1078 942 1352 1005 quantum
1399 949 1514 988 non
1539 929 1868 1006 indiligens
1915 930 2151 988 deberet

358 1025 783 1099 paterfamilias,
810 1037 869 1084 et
894 1025 1088 1100 omnia
1113 1025 1331 1101 reliqua
1357 1037 1611 1102 tempora
1658 1036 1755 1082 aut
1800 1024 2002 1083 litteris
2049 1035 2149 1082 aut

358 1121 800 1179 Atheniensium
827 1121 1153 1199 reipublicae
1194 1122 1487 1193 tribueret,
1530 1120 1900 1178 nihilominus
1947 1119 2147 1178 amicis

355 1217 575 1273 urbana
626 1216 815 1274 officia
866 1216 1139 1292 praestitit.
1222 1216 1378 1274 Nam
1432 1228 1490 1275 et
1542 1217 1614 1273 ad
1668 1216 1899 1274 comitia
1951 1234 2146 1274 eorum

245 1310 318 1368 10
356 1312 666 1383 ventitavit,
720 1323 778 1370 et
830 1312 877 1369 si
931 1332 1041 1387 qua
1082 1332 1172 1370 res
1219 1312 1397 1388 major
1447 1324 1577 1370 acta
1622 1324 1727 1384 est,
1769 1331 1884 1370 non
1928 1310 2144 1369 defuit:

330 1406 503 1463 sicut
530 1405 798 1464 Ciceroni
845 1407 905 1464 in
946 1408 1211 1465 omnibus
1258 1405 1435 1506 [ejus]
1486 1407 1756 1482 periculis
1800 1407 2146 1490 singularem

354 1500 524 1557 fidem
577 1502 857 1577 praebuit3
925 1502 1021 1560 cui
1088 1522 1160 1561 ex
1225 1496 1407 1577 patria
1468 1502 1710 1578 fugienti
1765 1502 2144 1561 sestertiorum

351 1594 603 1654 ducenta
641 1608 727 1654 et
740 1598 1151 1675 quinquaginta
1191 1597 1371 1655 millia
1408 1597 1653 1655 donavit.
1736 1597 2145 1673 Tranquillatis

352 1702 543 1749 autem
589 1693 759 1751 rebus
800 1695 1124 1771 remigravit
1170 1693 1438 1766 Romam,
1486 1705 1549 1751 ut
1592 1693 1810 1769 opinor,
1865 1695 1929 1751 L.
1972 1693 2145 1751 Cotta

241 1786 313 1844 15
352 1796 409 1844 et
455 1787 522 1844 L.
577 1788 871 1865 Torquato
918 1789 1302 1849 Consulibus:
1344 1808 1512 1866 quem
1556 1789 1708 1847 diem
1751 1790 1834 1847 sic
1878 1786 2146 1867 universa

351 1881 551 1940 civitas
578 1885 1024 1944 Atheniensium
1050 1897 1356 1962 prosecuta
1380 1896 1487 1958 est,
1516 1896 1579 1943 ut
1604 1883 1855 1944 lacrimis
1875 1883 2141 1944 desiderii

352 1978 525 2036 futuri
552 1980 805 2038 dolorem
831 1982 1137 2039 indicaret.

426 2073 497 2130 V.
581 2074 850 2142 Habebat
879 2076 1220 2135 avunculum
1251 2074 1316 2131 L.
1362 2074 1681 2147 Caecilium,
1731 2075 1977 2157 equitem
2026 2072 2142 2132 Ro-

347 2186 599 2240 manum,
656 2170 989 2227 familiarem
1042 2168 1108 2225 L.
1165 2167 1416 2239 Luculli,
1455 2168 1743 2240 divitem,
1808 2168 2144 2226 difficillima

232 2262 309 2320 20
348 2262 587 2319 natura:
645 2262 810 2337 cujus
865 2262 950 2320 sic
1004 2260 1366 2337 asperitatem
1420 2261 1631 2319 veritus
1682 2274 1788 2334 est,
1835 2274 1918 2334 ut,
1970 2281 2142 2337 quem

348 2374 516 2415 nemo
552 2357 697 2415 ferre
739 2369 947 2433 posset,
998 2357 1167 2433 hujus
1213 2356 1340 2414 sine
1384 2356 1699 2416 offensione
1748 2358 1820 2415 ad
1863 2375 2143 2416 summam

347 2462 700 2510 senectutem
743 2452 1041 2511 retinuerit
1065 2442 1560 2537 benevolentiam.
1641 2453 1781 2515 Quo
1823 2453 1973 2511 facto
2013 2452 2142 2511 tulit

345 2548 574 2625 piatatis
616 2549 879 2606 fructum.
980 2547 1254 2605 Caecilius
1304 2548 1460 2605 enim
1513 2548 1761 2605 moriens
1802 2559 2139 2606 testamento

347 2644 632 2718 adoptavit
658 2662 810 2716 eum,
851 2644 1229 2717 heredemque
1273 2643 1408 2700 fecit
1448 2662 1520 2700 ex
1565 2643 1876 2702 dodrante:
1917 2663 1990 2702 ex
2026 2644 2140 2719 qua

228 2738 308 2794 25
347 2737 659 2795 hereditate
715 2738 937 2813 accepit
1001 2737 1229 2795 circiter
1252 2748 1255 2759 ’
1282 2736 1501 2794 centies
1560 2739 1898 2795 sestertium.
1995 2738 2136 2797 Erat

345 2843 523 2907 nupta
564 2850 718 2890 soror
751 2832 935 2890 Attici
960 2831 1039 2894 Q.
1071 2830 1270 2890 Tullio
1311 2830 1614 2889 Ciceroni:
1656 2850 1865 2907 easque
1910 2834 2136 2909 nuptias

346 2924 429 2982 M.
471 2926 680 2985 Cicero
705 2926 1058 2998 conciliarat,
1087 2945 1218 2983 cum
1246 2946 1360 3002 quo
1381 2946 1415 2984 a
1434 2924 1890 3007 cond'ucipulatu
1911 2927 2131 2985 vivebat

345 3020 834 3095 conjunctissime,
889 3018 1068 3079 multo
1137 3021 1310 3079 etiam
1371 3018 1725 3094 familiarius,
1779 3020 1947 3097 quam
1998 3039 2129 3078 cum

345 3110 612 3173 Quinto:
661 3127 743 3173 ·ut
803 3115 1051 3190 judicari
1102 3115 1297 3191 possit,
1349 3113 1476 3191 plus
1526 3114 1586 3173 in
1640 3116 1891 3175 amicitia
1944 3115 2129 3174 valere

231 3205 308 3263 3⁰
347 3204 776 3272 similitudinem
848 3227 1088 3282 morum,
1159 3207 1332 3284 quam
1400 3209 1749 3268 affinitatem.
1821 3208 2129 3281 =Utebatur

348 3312 538 3358 autem
590 3302 788 3371 intime
837 3304 916 3367 Q.
974 3303 1302 3375 Hortensio,
1338 3304 1436 3379 qui
1479 3304 1550 3362 iis
1588 3303 1928 3381 temporibus
1976 3303 2130 3380 prin-

346 3396 597 3472 cipatum
649 3399 982 3474 eloquentiae
1034 3399 1305 3457 tenebat:
1361 3410 1424 3457 ut
1470 3399 1707 3475 intelligi
1758 3417 1874 3455 non
1918 3411 2128 3475 posset,

347 3502 473 3549 uter
498 3509 631 3549 eum
674 3492 804 3569 plus
849 3494 1131 3572 diligeret,
1159 3493 1368 3553 Cicero
1410 3513 1484 3552 an
1531 3492 1909 3553 Hortensius:
1948 3505 2009 3553 et
2048 3493 2130 3568 id,
