<?xml version="1.0" encoding="UTF-8"?>
<!DOCTYPE html PUBLIC "-//W3C//DTD XHTML 1.0 Transitional//EN"
    "http://www.w3.org/TR/xhtml1/DTD/xhtml1-transitional.dtd">
<html xmlns="http://www.w3.org/1999/xhtml" xml:lang="en" lang="en">
 <head>
  <title>
</title>
<meta http-equiv="Content-Type" content="text/html;charset=utf-8" />
  <meta name='ocr-system' content='tesseract 3.04.00' />
  <meta name='ocr-capabilities' content='ocr_page ocr_carea ocr_par ocr_line ocrx_word'/>
</head>
<body>
  <div class='ocr_page' id='page_1' title='image "./devitaexcellent00haywgoog_0048.png"; bbox 0 0 2492 4207; ppageno 0'>
   <div class='ocr_carea' id='block_1_1' title="bbox 253 91 1548 311">
    <p class='ocr_par' dir='ltr' id='par_1_1' title="bbox 253 91 1548 311">
     <span class='ocr_line' id='line_1_1' title="bbox 253 91 504 130; baseline -0.008 0"><span class='ocrx_word' id='word_1_1' title='bbox 253 91 458 130; x_wconf 57' lang='lat' dir='ltr'>·&#39;oe-wr‘</span> <span class='ocrx_word' id='word_1_2' title='bbox 469 115 504 128; x_wconf 74' lang='grc'>.,</span> 
     </span>
     <span class='ocr_line' id='line_1_2' title="bbox 390 206 1548 311; baseline -0.006 -20"><span class='ocrx_word' id='word_1_3' title='bbox 390 232 469 291; x_wconf 84' lang='grc'>38</span> <span class='ocrx_word' id='word_1_4' title='bbox 696 206 702 211; x_wconf 53' lang='grc'>’</span> <span class='ocrx_word' id='word_1_5' title='bbox 1291 236 1548 311; x_wconf 66' lang='lat' dir='ltr'>conon.</span> 
     </span>
    </p>
   </div>
   <div class='ocr_carea' id='block_1_2' title="bbox 504 399 2325 675">
    <p class='ocr_par' dir='ltr' id='par_1_2' title="bbox 504 399 2325 675">
     <span class='ocr_line' id='line_1_3' title="bbox 506 399 2325 477; baseline -0.004 -13"><span class='ocrx_word' id='word_1_6' title='bbox 506 405 745 464; x_wconf 79' lang='lat' dir='ltr'><strong>classem</strong></span> <span class='ocrx_word' id='word_1_7' title='bbox 795 403 866 461; x_wconf 91' lang='lat' dir='ltr'>ad</span> <span class='ocrx_word' id='word_1_8' title='bbox 910 401 1177 460; x_wconf 80' lang='lat' dir='ltr'>Ciliciam</span> <span class='ocrx_word' id='word_1_9' title='bbox 1220 399 1549 477; x_wconf 80' lang='lat' dir='ltr'>appulisset,</span> <span class='ocrx_word' id='word_1_10' title='bbox 1588 418 1772 475; x_wconf 91' lang='lat' dir='ltr'>neque</span> <span class='ocrx_word' id='word_1_11' title='bbox 1820 399 1959 458; x_wconf 73' lang='lat' dir='ltr'>satis</span> <span class='ocrx_word' id='word_1_12' title='bbox 1996 399 2325 476; x_wconf 80' lang='lat' dir='ltr'>diligenter·</span> 
     </span>
     <span class='ocr_line' id='line_1_4' title="bbox 506 495 2303 576; baseline -0.002 -18"><span class='ocrx_word' id='word_1_13' title='bbox 506 502 564 559; x_wconf 92' lang='lat' dir='ltr'>in</span> <span class='ocrx_word' id='word_1_14' title='bbox 592 499 794 559; x_wconf 88' lang='lat' dir='ltr'>castris</span> <span class='ocrx_word' id='word_1_15' title='bbox 821 499 946 576; x_wconf 89' lang='lat' dir='ltr'>ejus</span> <span class='ocrx_word' id='word_1_16' title='bbox 974 509 1278 575; x_wconf 84' lang='lat' dir='ltr'><strong>agerentur</strong></span> <span class='ocrx_word' id='word_1_17' title='bbox 1313 495 1540 572; x_wconf 81' lang='lat' dir='ltr'>vigiliae‚</span> <span class='ocrx_word' id='word_1_18' title='bbox 1585 515 1619 553; x_wconf 90' lang='lat' dir='ltr'>a</span> <span class='ocrx_word' id='word_1_19' title='bbox 1654 496 1930 569; x_wconf 89' lang='lat' dir='ltr'>barbaris,</span> <span class='ocrx_word' id='word_1_20' title='bbox 1974 515 2049 554; x_wconf 89' lang='lat' dir='ltr'>ex</span> <span class='ocrx_word' id='word_1_21' title='bbox 2096 496 2303 574; x_wconf 85' lang='lat' dir='ltr'>oppido</span> 
     </span>
     <span class='ocr_line' id='line_1_5' title="bbox 504 592 2182 675; baseline -0.004 -21"><span class='ocrx_word' id='word_1_22' title='bbox 504 610 678 656; x_wconf 92' lang='lat' dir='ltr'>noctu</span> <span class='ocrx_word' id='word_1_23' title='bbox 705 596 1002 675; x_wconf 86' lang='lat' dir='ltr'>eruptione</span> <span class='ocrx_word' id='word_1_24' title='bbox 1024 595 1195 667; x_wconf 73' lang='lat' dir='ltr'>facta,</span> <span class='ocrx_word' id='word_1_25' title='bbox 1225 592 1286 650; x_wconf 91' lang='lat' dir='ltr'>in</span> <span class='ocrx_word' id='word_1_26' title='bbox 1313 592 1686 651; x_wconf 87' lang='lat' dir='ltr'>tabernaculo</span> <span class='ocrx_word' id='word_1_27' title='bbox 1714 593 2052 651; x_wconf 78' lang='lat' dir='ltr'>interfectus</span> <span class='ocrx_word' id='word_1_28' title='bbox 2074 605 2182 653; x_wconf 85' lang='lat' dir='ltr'>est.</span> 
     </span>
    </p>
   </div>
   <div class='ocr_carea' id='block_1_3' title="bbox 1099 964 1690 1048">
    <p class='ocr_par' dir='ltr' id='par_1_3' title="bbox 1099 964 1690 1048">
     <span class='ocr_line' id='line_1_6' title="bbox 1099 964 1690 1048; baseline -0.005 -23"><span class='ocrx_word' id='word_1_29' title='bbox 1099 964 1690 1048; x_wconf 13' lang='lat' dir='ltr'>lxncoNoN.</span> 
     </span>
    </p>
   </div>
   <div class='ocr_carea' id='block_1_4' title="bbox 368 1145 2373 3552">
    <p class='ocr_par' dir='ltr' id='par_1_4' title="bbox 579 1145 2301 1245">
     <span class='ocr_line' id='line_1_7' title="bbox 579 1145 2301 1245; baseline -0.001 -26"><span class='ocrx_word' id='word_1_30' title='bbox 579 1163 625 1219; x_wconf 95' lang='grc' dir='ltr'>Ι.</span> <span class='ocrx_word' id='word_1_31' title='bbox 712 1161 905 1218; x_wconf 78' lang='lat' dir='ltr'>Conon</span> <span class='ocrx_word' id='word_1_32' title='bbox 940 1161 1305 1220; x_wconf 76' lang='lat' dir='ltr'>Atheniensis</span> <span class='ocrx_word' id='word_1_33' title='bbox 1340 1145 1927 1245; x_wconf 71' lang='lat' dir='ltr'>Peloponnesio&#39;bello</span> <span class='ocrx_word' id='word_1_34' title='bbox 1949 1157 2192 1217; x_wconf 87' lang='lat' dir='ltr'>accessit</span> <span class='ocrx_word' id='word_1_35' title='bbox 2234 1161 2301 1218; x_wconf 88' lang='lat' dir='ltr'>ad</span> 
     </span>
    </p>

    <p class='ocr_par' dir='ltr' id='par_1_5' title="bbox 368 1246 2300 1333">
     <span class='ocr_line' id='line_1_8' title="bbox 368 1246 2300 1333; baseline -0.002 -17"><span class='ocrx_word' id='word_1_36' title='bbox 368 1282 372 1291; x_wconf 87' lang='lat'><em>·</em></span> <span class='ocrx_word' id='word_1_37' title='bbox 421 1261 461 1316; x_wconf 88' lang='lat'><strong>5</strong></span> <span class='ocrx_word' id='word_1_38' title='bbox 499 1256 930 1333; x_wconf 78' lang='lat' dir='ltr'>rempublicam,</span> <span class='ocrx_word' id='word_1_39' title='bbox 975 1257 1036 1314; x_wconf 95' lang='lat' dir='ltr'>in</span> <span class='ocrx_word' id='word_1_40' title='bbox 1082 1276 1261 1332; x_wconf 91' lang='lat' dir='ltr'>eoque</span> <span class='ocrx_word' id='word_1_41' title='bbox 1287 1249 1430 1331; x_wconf 79' lang='lat' dir='ltr'>‘ejus</span> <span class='ocrx_word' id='word_1_42' title='bbox 1476 1246 1651 1330; x_wconf 86' lang='lat' dir='ltr'>opera</span> <span class='ocrx_word' id='word_1_43' title='bbox 1692 1254 1887 1331; x_wconf 88' lang='lat' dir='ltr'>magni</span> <span class='ocrx_word' id='word_1_44' title='bbox 1943 1253 2067 1314; x_wconf 82' lang='lat' dir='ltr'>suit.</span> <span class='ocrx_word' id='word_1_45' title='bbox 2150 1254 2300 1313; x_wconf 87' lang='lat' dir='ltr'>Nam</span> 
     </span>
    </p>

    <p class='ocr_par' dir='ltr' id='par_1_6' title="bbox 498 1350 2300 1431">
     <span class='ocr_line' id='line_1_9' title="bbox 498 1350 2300 1431; baseline -0.001 -19"><span class='ocrx_word' id='word_1_46' title='bbox 498 1365 557 1412; x_wconf 91' lang='lat' dir='ltr'>et</span> <span class='ocrx_word' id='word_1_47' title='bbox 596 1365 799 1429; x_wconf 85' lang='lat' dir='ltr'>praetor</span> <span class='ocrx_word' id='word_1_48' title='bbox 845 1352 1205 1431; x_wconf 84' lang='lat' dir='ltr'>pedestribus</span> <span class='ocrx_word' id='word_1_49' title='bbox 1248 1350 1597 1425; x_wconf 80' lang='lat' dir='ltr'>exercitibus</span> <span class='ocrx_word' id='word_1_50' title='bbox 1623 1350 1868 1427; x_wconf 80' lang='lat' dir='ltr'>praefuit,</span> <span class='ocrx_word' id='word_1_51' title='bbox 1897 1362 1956 1410; x_wconf 84' lang='lat' dir='ltr'>et</span> <span class='ocrx_word' id='word_1_52' title='bbox 1998 1353 2300 1427; x_wconf 80' lang='lat' dir='ltr'>praefectus</span> 
     </span>
    </p>

    <p class='ocr_par' dir='ltr' id='par_1_7' title="bbox 500 1447 2299 1529">
     <span class='ocr_line' id='line_1_10' title="bbox 500 1447 2299 1529; baseline 0.001 -22"><span class='ocrx_word' id='word_1_53' title='bbox 500 1449 700 1507; x_wconf 90' lang='lat' dir='ltr'>classis</span> <span class='ocrx_word' id='word_1_54' title='bbox 728 1469 819 1507; x_wconf 91' lang='lat' dir='ltr'>res</span> <span class='ocrx_word' id='word_1_55' title='bbox 858 1469 1099 1526; x_wconf 89' lang='lat' dir='ltr'>magnas</span> <span class='ocrx_word' id='word_1_56' title='bbox 1146 1448 1291 1506; x_wconf 87' lang='lat' dir='ltr'>mari</span> <span class='ocrx_word' id='word_1_57' title='bbox 1333 1447 1528 1524; x_wconf 82' lang='lat' dir='ltr'>gessit.</span> <span class='ocrx_word' id='word_1_58' title='bbox 1611 1448 1782 1529; x_wconf 78' lang='lat' dir='ltr'>Quas</span> <span class='ocrx_word' id='word_1_59' title='bbox 1806 1449 1881 1507; x_wconf 95' lang='lat' dir='ltr'>ob</span> <span class='ocrx_word' id='word_1_60' title='bbox 1923 1467 2133 1508; x_wconf 79' lang='lat' dir='ltr'>causas</span> <span class='ocrx_word' id='word_1_61' title='bbox 2168 1468 2299 1526; x_wconf 81' lang='lat' dir='ltr'>prae-</span> 
     </span>
    </p>

    <p class='ocr_par' dir='ltr' id='par_1_8' title="bbox 499 1530 2298 1623">
     <span class='ocr_line' id='line_1_11' title="bbox 499 1530 2298 1623; baseline 0 -20"><span class='ocrx_word' id='word_1_62' title='bbox 499 1545 704 1623; x_wconf 91' lang='lat' dir='ltr'>cipuus</span> <span class='ocrx_word' id='word_1_63' title='bbox 745 1547 800 1604; x_wconf 89' lang='lat' dir='ltr'>ei</span> <span class='ocrx_word' id='word_1_64' title='bbox 843 1548 1024 1605; x_wconf 87' lang='lat' dir='ltr'>honos</span> <span class='ocrx_word' id='word_1_65' title='bbox 1070 1530 1302 1604; x_wconf 87' lang='lat' dir='ltr'>habitus</span> <span class='ocrx_word' id='word_1_66' title='bbox 1343 1556 1447 1602; x_wconf 91' lang='lat' dir='ltr'>est.</span> <span class='ocrx_word' id='word_1_67' title='bbox 1532 1543 1800 1619; x_wconf 88' lang='lat' dir='ltr'>Namque</span> <span class='ocrx_word' id='word_1_68' title='bbox 1843 1544 2114 1604; x_wconf 90' lang='lat' dir='ltr'>omnibus</span> <span class='ocrx_word' id='word_1_69' title='bbox 2155 1565 2298 1606; x_wconf 88' lang='lat' dir='ltr'>unus</span> 
     </span>
    </p>

    <p class='ocr_par' dir='ltr' id='par_1_9' title="bbox 500 1641 2298 1720">
     <span class='ocr_line' id='line_1_12' title="bbox 500 1641 2298 1720; baseline -0.001 -17"><span class='ocrx_word' id='word_1_70' title='bbox 500 1643 703 1703; x_wconf 88' lang='lat' dir='ltr'>insulis</span> <span class='ocrx_word' id='word_1_71' title='bbox 731 1645 988 1720; x_wconf 80' lang='lat' dir='ltr'>praefuit:</span> <span class='ocrx_word' id='word_1_72' title='bbox 1032 1644 1093 1701; x_wconf 90' lang='lat' dir='ltr'>in</span> <span class='ocrx_word' id='word_1_73' title='bbox 1119 1643 1233 1719; x_wconf 72' lang='lat' dir='ltr'>quii</span> <span class='ocrx_word' id='word_1_74' title='bbox 1260 1650 1541 1718; x_wconf 85' lang='lat' dir='ltr'>potestate</span> <span class='ocrx_word' id='word_1_75' title='bbox 1564 1641 1781 1701; x_wconf 88' lang='lat' dir='ltr'>Pheras</span> <span class='ocrx_word' id='word_1_76' title='bbox 1810 1643 1983 1720; x_wconf 89' lang='lat' dir='ltr'>cepit,</span> <span class='ocrx_word' id='word_1_77' title='bbox 2019 1643 2298 1702; x_wconf 89' lang='lat' dir='ltr'>coloniam</span> 
     </span>
    </p>

    <p class='ocr_par' dir='ltr' id='par_1_10' title="bbox 386 1737 2299 1816">
     <span class='ocr_line' id='line_1_13' title="bbox 386 1737 2299 1816; baseline -0.001 -18"><span class='ocrx_word' id='word_1_78' title='bbox 386 1741 460 1798; x_wconf 83' lang='lat'>10</span> <span class='ocrx_word' id='word_1_79' title='bbox 501 1739 1085 1799; x_wconf 64' lang='lat' dir='ltr'>Lacedaemoniorum.</span> <span class='ocrx_word' id='word_1_80' title='bbox 1184 1738 1323 1797; x_wconf 78' lang='lat' dir='ltr'>Fuit</span> <span class='ocrx_word' id='word_1_81' title='bbox 1369 1737 1544 1795; x_wconf 86' lang='lat' dir='ltr'>etiam</span> <span class='ocrx_word' id='word_1_82' title='bbox 1586 1748 1842 1797; x_wconf 87' lang='lat' dir='ltr'>extremo</span> <span class='ocrx_word' id='word_1_83' title='bbox 1889 1738 2299 1816; x_wconf 87' lang='lat' dir='ltr'>Peloponnesio</span> 
     </span>
    </p>

    <p class='ocr_par' dir='ltr' id='par_1_11' title="bbox 500 1833 2298 1913">
     <span class='ocr_line' id='line_1_14' title="bbox 500 1833 2298 1913; baseline -0.001 -20"><span class='ocrx_word' id='word_1_84' title='bbox 500 1837 651 1895; x_wconf 94' lang='lat' dir='ltr'>bello</span> <span class='ocrx_word' id='word_1_85' title='bbox 675 1849 898 1913; x_wconf 86' lang='lat' dir='ltr'>praetor,</span> <span class='ocrx_word' id='word_1_86' title='bbox 928 1856 1102 1913; x_wconf 92' lang='lat' dir='ltr'>quum</span> <span class='ocrx_word' id='word_1_87' title='bbox 1134 1836 1286 1911; x_wconf 91' lang='lat' dir='ltr'>apud</span> <span class='ocrx_word' id='word_1_88' title='bbox 1315 1835 1497 1911; x_wconf 87' lang='lat' dir='ltr'>AEgos</span> <span class='ocrx_word' id='word_1_89' title='bbox 1524 1833 1741 1894; x_wconf 91' lang='lat' dir='ltr'>flumen</span> <span class='ocrx_word' id='word_1_90' title='bbox 1778 1835 1956 1912; x_wconf 87' lang='lat' dir='ltr'>copiae</span> <span class='ocrx_word' id='word_1_91' title='bbox 1986 1835 2298 1905; x_wconf 85' lang='lat' dir='ltr'>Athenien-</span> 
     </span>
    </p>

    <p class='ocr_par' dir='ltr' id='par_1_12' title="bbox 500 1931 2299 2010">
     <span class='ocr_line' id='line_1_15' title="bbox 500 1931 2299 2010; baseline -0.002 -18"><span class='ocrx_word' id='word_1_92' title='bbox 500 1935 648 1993; x_wconf 89' lang='lat' dir='ltr'>sium</span> <span class='ocrx_word' id='word_1_93' title='bbox 678 1953 712 1992; x_wconf 92' lang='lat' dir='ltr'>a</span> <span class='ocrx_word' id='word_1_94' title='bbox 738 1934 1037 2010; x_wconf 86' lang='lat' dir='ltr'>Lysandro</span> <span class='ocrx_word' id='word_1_95' title='bbox 1064 1944 1198 1991; x_wconf 89' lang='lat' dir='ltr'>sunt</span> <span class='ocrx_word' id='word_1_96' title='bbox 1224 1932 1483 1990; x_wconf 63' lang='lat' dir='ltr'>devictae.</span> <span class='ocrx_word' id='word_1_97' title='bbox 1512 1974 1513 1977; x_wconf 17' lang='grc' dir='ltr'>η</span> <span class='ocrx_word' id='word_1_98' title='bbox 1568 1932 1687 1989; x_wconf 87' lang='lat' dir='ltr'>Sed</span> <span class='ocrx_word' id='word_1_99' title='bbox 1712 1944 1833 1991; x_wconf 89' lang='lat' dir='ltr'>tum</span> <span class='ocrx_word' id='word_1_100' title='bbox 1876 1932 2076 2005; x_wconf 80' lang='lat' dir='ltr'>abfuit,</span> <span class='ocrx_word' id='word_1_101' title='bbox 2121 1931 2299 2008; x_wconf 71' lang='lat' dir='ltr'>eoque</span> 
     </span>
    </p>

    <p class='ocr_par' dir='ltr' id='par_1_13' title="bbox 499 2020 2373 2107">
     <span class='ocr_line' id='line_1_16' title="bbox 499 2020 2373 2107; baseline -0.001 -19"><span class='ocrx_word' id='word_1_102' title='bbox 499 2029 663 2107; x_wconf 75' lang='lat' dir='ltr'>pejus</span> <span class='ocrx_word' id='word_1_103' title='bbox 689 2049 780 2088; x_wconf 90' lang='lat' dir='ltr'>res</span> <span class='ocrx_word' id='word_1_104' title='bbox 810 2020 1205 2087; x_wconf 81' lang='lat' dir='ltr'>administrata</span> <span class='ocrx_word' id='word_1_105' title='bbox 1229 2040 1334 2086; x_wconf 89' lang='lat' dir='ltr'>est.</span> <span class='ocrx_word' id='word_1_106' title='bbox 1419 2027 1575 2086; x_wconf 91' lang='lat' dir='ltr'>Nam</span> <span class='ocrx_word' id='word_1_107' title='bbox 1602 2040 1661 2086; x_wconf 94' lang='lat' dir='ltr'>et</span> <span class='ocrx_word' id='word_1_108' title='bbox 1700 2029 1952 2106; x_wconf 89' lang='lat' dir='ltr'>prudens</span> <span class='ocrx_word' id='word_1_109' title='bbox 1978 2029 2062 2087; x_wconf 89' lang='lat' dir='ltr'>rei</span> <span class='ocrx_word' id='word_1_110' title='bbox 2102 2028 2300 2087; x_wconf 85' lang='lat' dir='ltr'>milita·</span> <span class='ocrx_word' id='word_1_111' title='bbox 2368 2096 2373 2102; x_wconf 76' lang='lat'>,</span> 
     </span>
    </p>

    <p class='ocr_par' dir='ltr' id='par_1_14' title="bbox 501 2124 2300 2201">
     <span class='ocr_line' id='line_1_17' title="bbox 501 2124 2300 2201; baseline 0.001 -19"><span class='ocrx_word' id='word_1_112' title='bbox 501 2126 578 2182; x_wconf 93' lang='lat' dir='ltr'>ris</span> <span class='ocrx_word' id='word_1_113' title='bbox 620 2135 678 2181; x_wconf 91' lang='lat' dir='ltr'>et</span> <span class='ocrx_word' id='word_1_114' title='bbox 732 2124 978 2199; x_wconf 88' lang='lat' dir='ltr'>diligens</span> <span class='ocrx_word' id='word_1_115' title='bbox 1024 2136 1147 2183; x_wconf 89' lang='lat' dir='ltr'>erat</span> <span class='ocrx_word' id='word_1_116' title='bbox 1191 2124 1432 2200; x_wconf 89' lang='lat' dir='ltr'>imperii.</span> <span class='ocrx_word' id='word_1_117' title='bbox 1537 2125 1738 2201; x_wconf 91' lang='lat' dir='ltr'>Itaque</span> <span class='ocrx_word' id='word_1_118' title='bbox 1780 2124 1999 2181; x_wconf 91' lang='lat' dir='ltr'>nemini</span> <span class='ocrx_word' id='word_1_119' title='bbox 2043 2139 2173 2185; x_wconf 91' lang='lat' dir='ltr'>erat</span> <span class='ocrx_word' id='word_1_120' title='bbox 2219 2126 2300 2184; x_wconf 86' lang='lat' dir='ltr'>his</span> 
     </span>
    </p>

    <p class='ocr_par' dir='ltr' id='par_1_15' title="bbox 389 2207 2300 2390">
     <span class='ocr_line' id='line_1_18' title="bbox 389 2207 2300 2294; baseline 0.002 -18"><span class='ocrx_word' id='word_1_121' title='bbox 389 2221 463 2276; x_wconf 87' lang='lat'>15</span> <span class='ocrx_word' id='word_1_122' title='bbox 502 2207 851 2294; x_wconf 85' lang='lat' dir='ltr'>temporibus</span> <span class='ocrx_word' id='word_1_123' title='bbox 902 2218 1163 2293; x_wconf 90' lang='lat' dir='ltr'>dubium,</span> <span class='ocrx_word' id='word_1_124' title='bbox 1218 2220 1267 2277; x_wconf 93' lang='lat' dir='ltr'>si</span> <span class='ocrx_word' id='word_1_125' title='bbox 1323 2220 1619 2294; x_wconf 88' lang='lat' dir='ltr'>adfuisset,</span> <span class='ocrx_word' id='word_1_126' title='bbox 1695 2221 1847 2279; x_wconf 90' lang='lat' dir='ltr'>illam</span> <span class='ocrx_word' id='word_1_127' title='bbox 1906 2220 2300 2281; x_wconf 88' lang='lat' dir='ltr'>Athenienses</span> 
     </span>
     <span class='ocr_line' id='line_1_19' title="bbox 504 2313 1620 2390; baseline 0.004 -20"><span class='ocrx_word' id='word_1_128' title='bbox 504 2313 886 2372; x_wconf 85' lang='lat' dir='ltr'>calamitatem</span> <span class='ocrx_word' id='word_1_129' title='bbox 917 2327 1254 2390; x_wconf 89' lang='lat' dir='ltr'>accepturos</span> <span class='ocrx_word' id='word_1_130' title='bbox 1281 2336 1398 2376; x_wconf 92' lang='lat' dir='ltr'>non</span> <span class='ocrx_word' id='word_1_131' title='bbox 1428 2318 1620 2388; x_wconf 80' lang='lat' dir='ltr'>fuisse.</span> 
     </span>
    </p>

    <p class='ocr_par' dir='ltr' id='par_1_16' title="bbox 502 2409 2299 2684">
     <span class='ocr_line' id='line_1_20' title="bbox 579 2409 2299 2490; baseline 0.003 -23"><span class='ocrx_word' id='word_1_132' title='bbox 579 2409 660 2467; x_wconf 93' lang='lat' dir='ltr'>II.</span> <span class='ocrx_word' id='word_1_133' title='bbox 744 2411 947 2470; x_wconf 88' lang='lat' dir='ltr'>Rebus</span> <span class='ocrx_word' id='word_1_134' title='bbox 1004 2425 1194 2471; x_wconf 89' lang='lat' dir='ltr'>autem</span> <span class='ocrx_word' id='word_1_135' title='bbox 1244 2413 1490 2488; x_wconf 78' lang='lat' dir='ltr'>afflictiS,</span> <span class='ocrx_word' id='word_1_136' title='bbox 1540 2429 1715 2490; x_wconf 88' lang='lat' dir='ltr'>quum</span> <span class='ocrx_word' id='word_1_137' title='bbox 1757 2412 1997 2490; x_wconf 88' lang='lat' dir='ltr'>patriam</span> <span class='ocrx_word' id='word_1_138' title='bbox 2048 2415 2299 2474; x_wconf 88' lang='lat' dir='ltr'>obsideri</span> 
     </span>
     <span class='ocr_line' id='line_1_21' title="bbox 503 2505 2299 2588; baseline 0.003 -23"><span class='ocrx_word' id='word_1_139' title='bbox 503 2505 775 2580; x_wconf 81' lang='lat' dir='ltr'>audisset,</span> <span class='ocrx_word' id='word_1_140' title='bbox 801 2530 917 2569; x_wconf 92' lang='lat' dir='ltr'>non</span> <span class='ocrx_word' id='word_1_141' title='bbox 939 2510 1216 2586; x_wconf 87' lang='lat' dir='ltr'>quaesivit,</span> <span class='ocrx_word' id='word_1_142' title='bbox 1244 2511 1347 2567; x_wconf 90' lang='lat' dir='ltr'>ubi</span> <span class='ocrx_word' id='word_1_143' title='bbox 1391 2510 1512 2588; x_wconf 92' lang='lat' dir='ltr'>ipse</span> <span class='ocrx_word' id='word_1_144' title='bbox 1555 2510 1679 2570; x_wconf 71' lang='lat' dir='ltr'>tuto</span> <span class='ocrx_word' id='word_1_145' title='bbox 1725 2511 1955 2584; x_wconf 82' lang='lat' dir='ltr'>viveret,</span> <span class='ocrx_word' id='word_1_146' title='bbox 1999 2513 2103 2569; x_wconf 88' lang='lat' dir='ltr'>sed</span> <span class='ocrx_word' id='word_1_147' title='bbox 2147 2514 2299 2570; x_wconf 91' lang='lat' dir='ltr'>unde</span> 
     </span>
     <span class='ocr_line' id='line_1_22' title="bbox 502 2603 2299 2684; baseline 0.002 -22"><span class='ocrx_word' id='word_1_148' title='bbox 502 2603 768 2679; x_wconf 84' lang='lat' dir='ltr'>praesidio</span> <span class='ocrx_word' id='word_1_149' title='bbox 791 2619 980 2680; x_wconf 90' lang='lat' dir='ltr'>posset</span> <span class='ocrx_word' id='word_1_150' title='bbox 1006 2627 1133 2665; x_wconf 89' lang='lat' dir='ltr'>esse</span> <span class='ocrx_word' id='word_1_151' title='bbox 1161 2608 1384 2666; x_wconf 86' lang='lat' dir='ltr'>civibus</span> <span class='ocrx_word' id='word_1_152' title='bbox 1412 2608 1547 2665; x_wconf 80' lang='lat' dir='ltr'>suiS.</span> <span class='ocrx_word' id='word_1_153' title='bbox 1632 2607 1836 2684; x_wconf 91' lang='lat' dir='ltr'>Itaque</span> <span class='ocrx_word' id='word_1_154' title='bbox 1866 2608 2111 2668; x_wconf 87' lang='lat' dir='ltr'>contulit</span> <span class='ocrx_word' id='word_1_155' title='bbox 2138 2630 2203 2668; x_wconf 90' lang='lat' dir='ltr'>se</span> <span class='ocrx_word' id='word_1_156' title='bbox 2233 2610 2299 2667; x_wconf 91' lang='lat' dir='ltr'>ad</span> 
     </span>
    </p>

    <p class='ocr_par' dir='ltr' id='par_1_17' title="bbox 384 2691 2300 3166">
     <span class='ocr_line' id='line_1_23' title="bbox 384 2691 2298 2781; baseline 0.002 -22"><span class='ocrx_word' id='word_1_157' title='bbox 384 2701 463 2759; x_wconf 78' lang='lat'>20</span> <span class='ocrx_word' id='word_1_158' title='bbox 504 2700 965 2775; x_wconf 86' lang='lat' dir='ltr'>Pharnabazum,</span> <span class='ocrx_word' id='word_1_159' title='bbox 1025 2691 1291 2780; x_wconf 82' lang='lat' dir='ltr'>satrapen</span> <span class='ocrx_word' id='word_1_160' title='bbox 1345 2703 1526 2762; x_wconf 80' lang='lat' dir='ltr'>Ioniae</span> <span class='ocrx_word' id='word_1_161' title='bbox 1572 2716 1630 2763; x_wconf 89' lang='lat' dir='ltr'>et</span> <span class='ocrx_word' id='word_1_162' title='bbox 1674 2704 1894 2781; x_wconf 87' lang='lat' dir='ltr'>Lydiae,</span> <span class='ocrx_word' id='word_1_163' title='bbox 1940 2705 2298 2781; x_wconf 89' lang='lat' dir='ltr'>eundemque</span> 
     </span>
     <span class='ocr_line' id='line_1_24' title="bbox 500 2796 2300 2877; baseline 0.002 -22"><span class='ocrx_word' id='word_1_164' title='bbox 500 2816 780 2876; x_wconf 86' lang='lat' dir='ltr'>generum</span> <span class='ocrx_word' id='word_1_165' title='bbox 808 2796 993 2873; x_wconf 87' lang='lat' dir='ltr'>Regis</span> <span class='ocrx_word' id='word_1_166' title='bbox 1018 2811 1075 2858; x_wconf 90' lang='lat' dir='ltr'>et</span> <span class='ocrx_word' id='word_1_167' title='bbox 1100 2800 1481 2877; x_wconf 89' lang='lat' dir='ltr'>propinquum</span> <span class='ocrx_word' id='word_1_168' title='bbox 1505 2821 1517 2858; x_wconf 92' lang='lat'><strong>:</strong></span> <span class='ocrx_word' id='word_1_169' title='bbox 1564 2802 1715 2877; x_wconf 91' lang='lat' dir='ltr'>apud</span> <span class='ocrx_word' id='word_1_170' title='bbox 1747 2820 1917 2877; x_wconf 91' lang='lat' dir='ltr'>quem</span> <span class='ocrx_word' id='word_1_171' title='bbox 1965 2814 2029 2860; x_wconf 92' lang='lat' dir='ltr'>ut</span> <span class='ocrx_word' id='word_1_172' title='bbox 2057 2801 2300 2862; x_wconf 70' lang='lat' dir='ltr'>multam</span> 
     </span>
     <span class='ocr_line' id='line_1_25' title="bbox 498 2893 2298 2973; baseline 0.001 -20"><span class='ocrx_word' id='word_1_173' title='bbox 498 2894 686 2972; x_wconf 71' lang='lat' dir='ltr'>gratia</span> <span class='ocrx_word' id='word_1_174' title='bbox 715 2893 947 2966; x_wconf 81' lang='lat' dir='ltr'>valeret,</span> <span class='ocrx_word' id='word_1_175' title='bbox 975 2896 1151 2955; x_wconf 87' lang='lat' dir='ltr'>multo</span> <span class='ocrx_word' id='word_1_176' title='bbox 1197 2896 1392 2962; x_wconf 87' lang='lat' dir='ltr'>labore</span> <span class='ocrx_word' id='word_1_177' title='bbox 1434 2897 1739 2973; x_wconf 91' lang='lat' dir='ltr'>multisque</span> <span class='ocrx_word' id='word_1_178' title='bbox 1782 2897 1977 2955; x_wconf 85' lang='lat' dir='ltr'>effecit</span> <span class='ocrx_word' id='word_1_179' title='bbox 2010 2897 2298 2973; x_wconf 72' lang='lat' dir='ltr'>periculis</span> 
     </span>
     <span class='ocr_line' id='line_1_26' title="bbox 501 2990 2298 3067; baseline 0.002 -20"><span class='ocrx_word' id='word_1_180' title='bbox 501 2990 655 3049; x_wconf 89' lang='lat' dir='ltr'>Nam</span> <span class='ocrx_word' id='word_1_181' title='bbox 708 3009 885 3067; x_wconf 91' lang='lat' dir='ltr'>quum</span> <span class='ocrx_word' id='word_1_182' title='bbox 932 2990 1376 3066; x_wconf 69' lang='lat' dir='ltr'>Lacedaemonii,</span> <span class='ocrx_word' id='word_1_183' title='bbox 1426 2992 1886 3052; x_wconf 88' lang='lat' dir='ltr'>Atheniensibus</span> <span class='ocrx_word' id='word_1_184' title='bbox 1930 2992 2193 3066; x_wconf 77' lang='lat' dir='ltr'>devictiS,</span> <span class='ocrx_word' id='word_1_185' title='bbox 2243 2994 2298 3051; x_wconf 89' lang='lat' dir='ltr'>in</span> 
     </span>
     <span class='ocr_line' id='line_1_27' title="bbox 500 3087 2297 3166; baseline 0.002 -21"><span class='ocrx_word' id='word_1_186' title='bbox 500 3087 772 3148; x_wconf 89' lang='lat' dir='ltr'>societate</span> <span class='ocrx_word' id='word_1_187' title='bbox 814 3107 930 3147; x_wconf 92' lang='lat' dir='ltr'>non</span> <span class='ocrx_word' id='word_1_188' title='bbox 958 3104 1274 3164; x_wconf 89' lang='lat' dir='ltr'>manerent,</span> <span class='ocrx_word' id='word_1_189' title='bbox 1304 3110 1475 3166; x_wconf 82' lang='lat' dir='ltr'>quam</span> <span class='ocrx_word' id='word_1_190' title='bbox 1503 3110 1637 3148; x_wconf 90' lang='lat' dir='ltr'>cum</span> <span class='ocrx_word' id='word_1_191' title='bbox 1666 3092 1987 3148; x_wconf 86' lang='lat' dir='ltr'>Artaxerxe</span> <span class='ocrx_word' id='word_1_192' title='bbox 2024 3091 2297 3163; x_wconf 80' lang='lat' dir='ltr'>fecerant,</span> 
     </span>
    </p>

    <p class='ocr_par' dir='ltr' id='par_1_18' title="bbox 380 3182 2298 3552">
     <span class='ocr_line' id='line_1_28' title="bbox 380 3182 2296 3260; baseline 0.001 -19"><span class='ocrx_word' id='word_1_193' title='bbox 380 3184 460 3241; x_wconf 74' lang='lat'>25</span> <span class='ocrx_word' id='word_1_194' title='bbox 501 3182 951 3260; x_wconf 76' lang='lat' dir='ltr'>Agesilaumque</span> <span class='ocrx_word' id='word_1_195' title='bbox 1005 3184 1276 3244; x_wconf 90' lang='lat' dir='ltr'>bellatum</span> <span class='ocrx_word' id='word_1_196' title='bbox 1330 3185 1620 3244; x_wconf 85' lang='lat' dir='ltr'>misissent</span> <span class='ocrx_word' id='word_1_197' title='bbox 1667 3186 1728 3243; x_wconf 91' lang='lat' dir='ltr'>in</span> <span class='ocrx_word' id='word_1_198' title='bbox 1774 3185 1999 3259; x_wconf 90' lang='lat' dir='ltr'>Asiam,</span> <span class='ocrx_word' id='word_1_199' title='bbox 2050 3185 2296 3245; x_wconf 72' lang='lat' dir='ltr'>maxime</span> 
     </span>
     <span class='ocr_line' id='line_1_29' title="bbox 499 3278 2298 3357; baseline 0.002 -23"><span class='ocrx_word' id='word_1_200' title='bbox 499 3278 728 3353; x_wconf 90' lang='lat' dir='ltr'>impulsi</span> <span class='ocrx_word' id='word_1_201' title='bbox 757 3299 792 3337; x_wconf 90' lang='lat' dir='ltr'>a</span> <span class='ocrx_word' id='word_1_202' title='bbox 818 3280 1230 3357; x_wconf 88' lang='lat' dir='ltr'>Tissapherne,</span> <span class='ocrx_word' id='word_1_203' title='bbox 1260 3281 1356 3356; x_wconf 90' lang='lat' dir='ltr'>qui</span> <span class='ocrx_word' id='word_1_204' title='bbox 1383 3300 1456 3338; x_wconf 86' lang='lat' dir='ltr'>ex</span> <span class='ocrx_word' id='word_1_205' title='bbox 1484 3280 1701 3339; x_wconf 91' lang='lat' dir='ltr'>intimis</span> <span class='ocrx_word' id='word_1_206' title='bbox 1750 3281 1939 3357; x_wconf 86' lang='lat' dir='ltr'>Regis</span> <span class='ocrx_word' id='word_1_207' title='bbox 1984 3282 2057 3340; x_wconf 88' lang='lat' dir='ltr'>ab</span> <span class='ocrx_word' id='word_1_208' title='bbox 2107 3281 2298 3340; x_wconf 88' lang='lat' dir='ltr'>amici-</span> 
     </span>
     <span class='ocr_line' id='line_1_30' title="bbox 497 3373 2297 3450; baseline 0.001 -16"><span class='ocrx_word' id='word_1_209' title='bbox 497 3374 580 3438; x_wconf 75' lang='lat' dir='ltr'>tia</span> <span class='ocrx_word' id='word_1_210' title='bbox 606 3373 732 3450; x_wconf 87' lang='lat' dir='ltr'>ejus</span> <span class='ocrx_word' id='word_1_211' title='bbox 758 3376 1068 3449; x_wconf 88' lang='lat' dir='ltr'>defecerat,</span> <span class='ocrx_word' id='word_1_212' title='bbox 1096 3389 1155 3434; x_wconf 91' lang='lat' dir='ltr'>et</span> <span class='ocrx_word' id='word_1_213' title='bbox 1181 3383 1317 3435; x_wconf 88' lang='lat' dir='ltr'>cum</span> <span class='ocrx_word' id='word_1_214' title='bbox 1360 3377 1818 3437; x_wconf 83' lang='lat' dir='ltr'>Lacedaemoniis</span> <span class='ocrx_word' id='word_1_215' title='bbox 1866 3377 2084 3436; x_wconf 79' lang='lat' dir='ltr'>coierat</span> <span class='ocrx_word' id='word_1_216' title='bbox 2121 3378 2297 3445; x_wconf 64' lang='lat' dir='ltr'>socie-&gt;</span> 
     </span>
     <span class='ocr_line' id='line_1_31' title="bbox 496 3470 2295 3552; baseline 0.003 -24"><span class='ocrx_word' id='word_1_217' title='bbox 496 3481 709 3529; x_wconf 81' lang='lat' dir='ltr'>tatem:</span> <span class='ocrx_word' id='word_1_218' title='bbox 754 3472 910 3530; x_wconf 88' lang='lat' dir='ltr'>hunc</span> <span class='ocrx_word' id='word_1_219' title='bbox 939 3470 1211 3531; x_wconf 71' lang='lat' dir='ltr'>adversus</span> <span class='ocrx_word' id='word_1_220' title='bbox 1253 3473 1667 3531; x_wconf 90' lang='lat' dir='ltr'>Pharnabazus</span> <span class='ocrx_word' id='word_1_221' title='bbox 1715 3472 1945 3532; x_wconf 89' lang='lat' dir='ltr'>habitus</span> <span class='ocrx_word' id='word_1_222' title='bbox 1988 3486 2076 3533; x_wconf 86' lang='lat' dir='ltr'>est</span> <span class='ocrx_word' id='word_1_223' title='bbox 2125 3475 2295 3552; x_wconf 90' lang='lat' dir='ltr'>impe-</span> 
     </span>
    </p>
   </div>
  </div>
 </body>
</html>
