2492 4207
390 202 467 259 58
1177 182 1182 188 ’
1212 205 1567 256 DATAMns.

500 382 687 428 netem
714 367 988 426 exercitui
1015 368 1284 444 praefecit.
1367 366 1497 443 Ipse
1541 384 1673 424 cum
1721 363 1837 423 suis
1858 363 1939 450 'in
1970 362 2280 439 >Cappado-

498 465 644 522 ciam
670 463 916 521 discedit
939 483 953 533 3
997 463 1472 540 conjunctamque
1493 460 1629 518 huic
1644 458 2092 537 Paphlagoniam
2111 478 2280 518 occu-

495 570 609 634 pat,
650 559 844 618 celans
880 558 990 632 qua
1032 544 1317 617 voluntate
1360 569 1509 617 esset
1550 557 1608 614 in
1657 556 1904 633 Regem,
1948 555 2100 612 clam
2147 574 2276 627 cum

495 644 900 715 Ariobarzane
939 654 1074 711 facit
1117 652 1444 726 amicitiam,
1481 670 1712 710 manum
1757 662 2066 728 comparat,
2109 652 2275 713 urbes

415 751 456 807 5
494 749 739 809 munitas
767 749 884 808 suis
911 750 1156 808 tuendas
1177 749 1363 808 tradit.

570 844 673 902 VI.
757 846 872 903 Sed
908 846 1031 902 haec
1071 857 1296 921 propter
1343 844 1585 903 hiemale
1628 856 1849 919 tempus
1896 840 2087 903 minus
2124 862 2273 918 pros-

454 947 458 952 ’
490 940 624 1016 pere
651 941 1049 1018 procedebant.
1132 941 1332 1015 Audit,
1361 940 1582 998 Pisidas
1627 939 1897 1014 quasdam
1941 937 2136 1014 copias
2181 937 2272 995 ad·

490 1034 683 1094 versus
730 1055 798 1094 se>
842 1055 1075 1112 parare3
1130 1035 1311 1094 filium
1357 1034 1427 1094 eo
1480 1034 1799 1117 Arsidaeum
1846 1052 1977 1090 cum
2015 1033 2272 1091 exercitu

489 1132 673 1191 mittit.
756 1130 926 1190 Cadit
975 1132 1035 1189 in
1077 1132 1277 1209 proelio
1323 1131 1670 1191 adolescens.
1768 1127 2154 1187 Proficiscitur
2198 1127 2270 1186 eo

379 1226 451 1282 10
488 1239 663 1302 pater,
693 1246 806 1287 non
835 1226 913 1285 ita
934 1246 1066 1285 cum
1086 1228 1298 1305 magna
1318 1246 1512 1300 manu,
1531 1227 2046 1300 celan8‚'quantum
2069 1223 2272 1287 vulnus

487 1320 822 1396 accepisset;
863 1320 1015 1397 quod
1056 1321 1214 1399 prius
1258 1323 1328 1381 ad
1375 1323 1597 1380 hostem
1641 1319 1933 1403 pervenire
1974 1318 2263 1394 cupiebat,

485 1402 653 1491 quam
689 1417 760 1474 de
807 1437 868 1475 re
915 1416 1064 1474 male
1108 1419 1270 1493 gesta
1312 1418 1464 1475 sama
1498 1417 1581 1485 ,ad
1624 1435 1756 1474 suos
1790 1412 2148 1491 perveniret:
2190 1432 2262 1470 ne

486 1510 717 1588 cognita
744 1512 846 1567 filii
872 1506 1052 1567 morte
1095 1512 1271 1569 animi
1299 1511 1741 1574 'debilitarentur
1787 1509 2046 1583 militum.
2127 1506 2263 1571 Quo

484 1605 872 1677 contenderat,
900 1604 1175 1681 pervenit,
1205 1608 1404 1679 hisque
1423 1605 1565 1664 locis
1592 1617 1781 1664 castra
1805 1605 1986 1681 ponit,
2005 1616 2068 1663 ut
2083 1622 2265 1680 neque

372 1703 444 1758 15
484 1700 771 1759 circumiri
797 1699 1159 1771 multitudine
1204 1698 1650 1759 adversariorum
1697 1712 1907 1776 posset,
1949 1719 2132 1774 neque
2169 1699 2268 1757 im-

478 1797 681 1874 pediri,
735 1794 846 1870 quo
901 1793 1217 1853 minusad
1292 1794 1681 1852 dimicandum
1743 1813 1974 1852 manum
2035 1794 2264 1853 haberet

479 1892 818 1969 expeditam.
901 1890 1042 1959 Erat
1089 1910 1221 1950 cum
1265 1910 1334 1949 eo
1377 1889 1875 1949 Mithrobarzanes
1917 1909 2076 1948 socer
2122 1889 2261 1967 ejuS,

477 1989 777 2064 praefectus
827 1987 1100 2061 equitum.
1202 1985 1283 2058 Is,
1309 2017 1312 2021 ,
1338 1984 1649 2060 desperatis
1701 1985 1899 2061 generi
1950 1986 2138 2058 rebus,
2195 1986 2262 2043 ad

478 2082 669 2140 hostes
695 2080 1015 2156 transfugit.
1097 2078 1166 2137 Id
1195 2072 1469 2137 Datames
1498 2090 1561 2138 ut
1599 2066 1829 2153 audivit,
1873 2062 2067 2153 sensit,
2108 2079 2157 2139 si
2200 2080 2257 2138 in

360 2179 439 2235 20
476 2175 699 2234 turbam
725 2174 953 2246 exisset,
983 2174 1055 2258 ab
1082 2174 1311 2233 homine
1338 2186 1454 2233 tam
1498 2175 1820 2253 necessario
1865 2195 1925 2236 se
1968 2175 2251 2249 relictum,

476 2255 751 2342 futurum,
788 2279 862 2327 ut⁴
894 2268 1085 2327 caeteri
1112 2269 1412 2328 consilium
1454 2283 1837 2346 sequerentur.
1933 2269 2006 2327 In
2046 2271 2250 2347 vulgus

474 2365 592 2425 edit
615 2386 627 2424 :
670 2385 768 2423 suo
774 2364 949 2441 jussu
976 2365 1493 2447 Mtlzbrobarzanem
1509 2364 1829 2443 profectum
1844 2386 1956 2443 pro
1971 2364 2249 2443 perfuga,

474 2459 870 2539 qudfaciliics,
900 2470 1169 2539 receptuS,
1193 2462 1529 2539 interficeret
1555 2463 1751 2521 hostes
1841 2462 2037 2542 Quare
2082 2463 2247 2520 relin-

472 2558 571 2632 qui
595 2576 713 2614 eum
738 2576 847 2614 non
880 2576 1000 2633 par
1035 2577 1167 2630 esse,
1196 2567 1251 2620 et
1291 2577 1469 2616 omnes
1512 2557 1800 2638 confestim
1825 2560 1996 2635 sequi.
2086 2558 2256 2627 Quod

354 2652 433 2709 25
471 2651 523 2707 si
548 2652 732 2708 animo
759 2659 982 2709 strenuo
1002 2679 1006 2684 ·
1011 2651 1310 2729 fecissent,
1337 2651 1627 2729 futurum,
1674 2661 1739 2709 ut
1786 2653 2105 2712 adversarii
2145 2672 2249 2711 non

458 2754 689 2822 possent
716 2746 989 2822 resistere,
1018 2767 1182 2823 quum
1210 2756 1264 2806 et
1288 2749 1448 2805 intra
1472 2748 1677 2805 vallum
1702 2758 1757 2806 et
1785 2748 1948 2825 foris
1987 2750 2251 2810 caederm-

468 2849 578 2899 tur.
631 2840 791 2897 'Hac
838 2860 903 2915 re*
924 2843 1179 2917 probata,
1229 2835 1539 2902 exercitum
1582 2843 1794 2917 educit,
1840 2844 2249 2903 Mithrobarza-

465 2955 596 2993 nem
623 2935 974 3013 persequitur
997 2957 1011 3007 3
1052 2938 1147 3012 qui
1174 2935 1396 3014 tantum
1423 2937 1573 3014 quod
1600 2940 1667 2997 ad
1692 2941 1882 2998 hostes
1898 2953 2244 3017 pervenerat,

466 3023 735 3089 Datames
761 3031 926 3107 signa
953 3030 1147 3089 inferri
1163 3033 1341 3108 jubet.
1425 3033 1650 3107 Pisidae,
1679 3019 1827 3093 nova
1847 3056 1907 3094 re
1951 3036 2235 3109 commoti,

347 3124 439 3182 3⁰·
467 3123 525 3181 in
550 3126 874 3201 opinionem
903 3126 1281 3202 adducuntur,
1299 3154 1303 3160 ·
1322 3129 1589 3206 perfugas
1629 3131 1781 3189 mala
1818 3131 1928 3189 fide
1973 3131 2243 3207 composi-

463 3217 632 3293 toque
707 3223 932 3296 fecisse,
986 3234 1066 3294 ut,
1120 3223 1356 3299 recepti,
1410 3236 1600 3292 essent
1670 3224 1871 3300 majori
1918 3224 2273 3283 calamitati.'

463 3312 715 3372 Primum
742 3335 840 3375 eos
867 3301 1214 3376 adoriuntur.
1262 3347 1265 3348 ⁷
1298 3316 1392 3376 Illi
1417 3338 1610 3393 quum,
1638 3319 1773 3394 quid
1821 3332 2103 3395 ageretur,
2148 3331 2243 3378 aut

445 3427 632 3487 “quare
654 3411 832 3484 fieret,
877 3406 1218 3489 ignorarent,
1265 3413 1448 3472 coacti
1496 3425 1627 3478 sunt
1666 3432 1798 3471 cum
1840 3413 1943 3477 eis,
1963 3394 2239 3491 pugnare,
