2492 4207
948 284 1298 336 EUMENES.
2069 280 2146 338 85

255 444 407 502 fumo
434 446 745 501 castrorum
771 442 893 517 ejus
918 443 1183 519 ,suspicio
1229 444 1398 502 allata
1443 458 1529 503 est
1577 448 1646 503 ad
1690 447 2028 520 Eumenem,

252 539 469 597 hostem
524 538 986 614 appropinquare.
1070 538 1437 597 Conveniunt
1485 541 1701 611 duces;
1742 543 2026 618 quaeritur,

249 633 383 708 quid
409 652 553 709 opus
570 633 642 690 sit
668 633 831 690 sacto.
914 632 1320 708 Intelligebant
1359 652 1578 707 omneS,
1621 648 1734 694 tam
1770 638 2029 696 celeriter

250 727 446 805 copias
494 728 738 803 ipsorum
790 728 1055 787 contrahi,
1100 747 1215 786 non
1268 746 1460 804 posse,
1496 728 1666 806 quam
1705 733 2029 810 Antigonus

250 824 548 881 adfuturus
600 823 906 881 videbatur.
1014 821 1133 881 Hic
1203 824 1470 882 omnibus
1517 825 1908 900 titubantibus,
1969 838 2028 886 et
2066 829 2106 885 5

249 919 325 975 de
378 918 545 975 rebus
597 919 829 976 summis
882 920 1331 994 desperantibus,
1382 918 1674 978 Eumenes
1723 921 1820 994 ait,
1864 923 1913 980 si
1938 942 2028 981 ce-

250 1013 529 1071 leritatem
555 1015 728 1072 velint
754 1014 1043 1086 adhibere,
1072 1025 1129 1072 et
1150 1015 1425 1090 imperata
1453 1016 1661 1089 facere,
1705 1017 1855 1091 quod
1896 1016 2027 1075 ante

248 1128 365 1168 non
392 1109 668 1183 fecerint,
717 1130 778 1167 se
831 1130 951 1168 rem
1003 1110 1413 1186 expediturum.
1510 1111 1663 1169 Nam
1716 1110 1869 1187 quod
1917 1112 2031 1170 die-

249 1204 354 1262 bus
405 1205 651 1280 quinque
705 1206 882 1265 hostis
946 1205 1214 1263 transisse
1285 1219 1492 1282 posset,
1547 1227 1609 1265 se
1673 1203 2030 1281 effecturum,

249 1313 312 1358 ut
368 1319 482 1359 non
536 1299 726 1358 minus
775 1301 1009 1359 totidem
1061 1302 1281 1360 dierum
1348 1302 1528 1377 spatio
1596 1304 2012 1361 retardaretur:
2074 1304 2145 1363 10

248 1415 419 1471 quare
442 1396 835 1475 circumirent,
851 1416 980 1455 suas
1001 1397 1239 1473 quisque
1261 1398 1454 1474 copias
1474 1399 1848 1457 contraheret.
1933 1398 2028 1455 Ad

250 1491 528 1568 Antigoni
571 1502 758 1550 autem
804 1493 1204 1551 refrenandum
1234 1493 1550 1568 impetum,
1579 1494 1692 1550 tale
1720 1494 1872 1569 capit
1899 1512 2031 1551 con-

248 1588 450 1646 silium.
533 1587 734 1647 Certos
760 1588 930 1647 mittit
957 1589 1238 1648 homines'
1268 1588 1341 1645 ad
1387 1588 1612 1645 infimos
1647 1600 1890 1658 monteS,
1933 1590 2028 1662 qui

245 1683 394 1741 obvii
428 1695 590 1742 erant
627 1683 827 1743 itineri*
859 1684 1354 1742 adversariorum:
1399 1683 1599 1758 hisque
1645 1683 1920 1759 praecipit,
1968 1692 2031 1741 ut

243 1779 423 1854 prima
452 1790 640 1852 nocte,
666 1778 837 1855 quam
858 1776 1135 1836 latissime
1159 1778 1396 1853 possint,
1421 1778 1585 1854 ignes
1612 1779 1825 1836 saciant
1859 1778 2026 1854 quam
2073 1780 2147 1835 15

241 1853 537 1945 maximos,
592 1884 756 1946 atque
806 1874 913 1929 -hos
965 1872 1223 1928 secunda
1283 1872 1476 1946 vigilia
1537 1873 1817 1944 minuant,
1864 1874 2030 1931 tertia

240 1964 580 2044 perexiguos
604 1966 878 2022 reddant:
920 1976 979 2022 et
1026 1964 1354 2022 assimulata
1379 1976 1690 2022 castrorum
1732 1978 2031 2024 consuetu-

243 2062 379 2122 dine
407 2060 786 2138 suspicionem
814 2059 1076 2137 injiciant
1103 2060 1377 2134 hostibus,
1407 2059 1495 2118 his
1514 2060 1657 2118 locis
1677 2079 1802 2119 esse
1824 2073 2027 2134 castra,

245 2177 313 2216 ac
340 2158 412 2218 de
458 2176 655 2215 eorum
700 2157 944 2214 adventu
985 2149 1458 2232 praenuntiatum3
1502 2156 1764 2231 idemque
1805 2159 2028 2234 postera
2057 2149 2058 2152 '

243 2265 411 2312 nocte
438 2252 667 2311 faciant.
716 2251 980 2313 ‘Quibus
1006 2251 1343 2327 imperatum
1369 2263 1511 2325 erat,
1549 2243 1850 2329 diligenter
1893 2273 2029 2328 prae-
2066 2255 2145 2311 20

243 2361 470 2428 ceptum
516 2358 735 2406 curant.
843 2348 1188 2423 Antigonum
1243 2347 1494 2405 tenebris
1565 2347 1796 2419 obortis,
1868 2348 2029 2424 ignes

243 2445 637 2521 conspicatur:
699 2443 882 2500 credit
929 2443 1001 2498 de
1034 2460 1152 2498 -suo
1194 2441 1441 2525 adventu
1487 2458 1612 2497 esse
1657 2441 1934 2512 auditum,
1972 2455 2031 2498 et

244 2540 589 2599 adversarios
616 2539 753 2595 illuc
779 2555 911 2596 suas
937 2535 1287 2594 contraxisse
1315 2535 1523 2611 copias.
1607 2534 1798 2594 Mutat
1818 2535 2025 2593 consil-

243 2636 383 2708 ium,
410 2645 488 2706 et,
516 2634 783 2710 quoniam
812 2633 1198 2708 imprudentes
1227 2630 1433 2689 adoriri
1459 2650 1574 2688 non
1600 2642 1815 2706 posset,
1853 2630 2030 2690 flectit

243 2730 350 2788 iter
397 2748 584 2802 suum,
613 2733 671 2786 et'
718 2729 877 2786 illum
933 2728 1252 2790 anfractum
1273 2727 1604 2802 ‘longiorem
1652 2727 1893 2802 copiosae
1922 2728 2026 2785 viae
2064 2729 2142 2786 25

242 2825 434 2901 capit,
492 2824 681 2900 ibique
727 2824 879 2882 diem
934 2841 1113 2881 unum
1164 2819 1471 2898 opperitur,
1515 2823 1586 2878 ad
1635 2822 2028 2880 lassitudinem

243 2921 555 2979 sedandam
581 2920 820 2978 militum
854 2939 922 2977 ac
950 2918 1261 2976 reficienda
1283 2918 1559 3034 jumenta,
1573 2915 1695 2991 quo
1724 2917 2027 2992 integriore

243 3016 498 3075 exercitu
528 3018 876 3080 decerneret

318 3112 394 3171 X.
478 3111 579 3170 Sic
615 3112 903 3169 Eumenes
950 3111 1219 3168 callidum
1269 3110 1663 3185 imperatorem
1712 3109 1847 3166 vicit
1892 3128 2025 3167 con-

244 3207 387 3282 silio,
415 3209 876 3282 celeritatemque
904 3206 1196 3282 impedivit
1236 3206 1391 3280 ejus;
1433 3224 1617 3280 neque
1660 3216 1849 3261 tamen
1886 3206 2027 3264 mul·
2064 3206 2142 3262 30

241 3301 363 3362 tum
388 3304 641 3380 profecit.
725 3302 879 3360 Nam
916 3302 1128 3360 invidia
1174 3303 1405 3379 ducum,
1456 3317 1587 3357 cum
1633 3300 1837 3374 quibus
1884 3315 2024 3375 erat,

243 3400 586 3476 perfidiaque
619 3400 919 3477 [militum]
965 3398 1348 3455 Macedonum
1396 3409 1804 3471 veteranorum,
1851 3397 2034 3473 quum⁴

247 3496 494 3571 superior
519 3497 718 3572 proelio
745 3495 1117 3567 discessisset,
1147 3491 1440 3569 Antigono
1467 3507 1553 3551 est
1579 3493 1821 3564 deditus,
1850 3508 2021 3567 quum

639 3592 678 3651 8
