2492 4207
322 255 404 314 92
1128 257 1509 311 TIMOLEON.

514 421 592 479 11.
672 420 929 493 Interim,
957 419 1144 478 Dione
1194 420 1490 496 Syracusis
1528 419 1842 491 interfectO,
1889 414 2208 494 Dionysius

434 517 622 575 rursus
649 518 1056 590 Syracusarum
1081 515 1291 592 potitus
1317 528 1439 585 est3
1480 512 1643 591 cujus
1692 514 1995 572 adversarii
2038 532 2208 589 opem

436 630 471 668 a
495 611 805 670 Corinthiis
826 612 1127 687 petierunt,
1151 613 1484 686 ducemque,
1506 630 1615 686 quo
1642 611 1700 667 in
1722 610 1870 667 bello
1889 620 2207 680 uterentur,

431 708 798 783 postularunt.
880 707 1014 764 Huc
1041 706 1341 764 Timoleon
1390 707 1613 778 missus,
1661 705 1983 762 incredibili
2027 705 2206 764 felici·

359 803 399 859 5
435 812 550 859 tate
578 802 911 879 Dionysium
939 798 1053 860 tota
1090 801 1288 858 Sicilia
1336 800 1565 877 depulit.
1642 800 1842 862 Quum
1886 799 2206 860 interficere

433 909 638 974 posset,
667 891 863 970 noluit,
891 895 1122 972 tutoque
1149 908 1211 954 ut
1237 896 1572 955 Corinthum
1612 890 1949 971 perveniret,
1975 895 2205 966 effecit3

435 991 586 1068 quod
631 1004 989 1066 utrorumque
1039 990 1439 1067 Dionysiorum
1489 989 1689 1066 opibus
1729 988 2010 1047 Corinthii
2053 989 2209 1066 πρὸ

439 1087 618 1163 adjuti
659 1089 894 1145 fuerant.
975 1070 1155 1162 Cujus
1207 1084 1573 1162 benignitatis
1617 1084 1944 1143 memoriam
1983 1084 2209 1144 volebat

437 1184 636 1241 extare
644 1203 659 1253 3
700 1201 933 1257 eamque
969 1183 1298 1258 praeclaram
1338 1180 1628 1240 victoriam
1669 1180 1933 1253 ducebat,
1988 1179 2046 1236 in
2090 1181 2207 1256 qua

328 1277 401 1333 1⁰
435 1279 561 1352 plus
586 1288 733 1334 esset
771 1277 1105 1350 clementiae,
1145 1274 1317 1352 quam
1363 1273 1748 1345 crudelitatis3
1788 1273 2095 1351 postremo,
2141 1288 2208 1334 ut

435 1391 547 1431 non
574 1370 754 1431 solum
784 1372 1010 1430 auribus
1039 1372 1406 1448 acciperetur,
1435 1371 1535 1429 sed
1567 1371 1740 1429 etiam
1780 1370 1960 1429 oculis
2011 1382 2210 1429 cerne-

433 1478 604 1540 retur,
655 1486 822 1542 quem
873 1479 930 1526 et
980 1487 1052 1526 ex
1101 1479 1312 1543 quanto
1362 1486 1538 1544 regno
1596 1467 1668 1523 ad
1713 1484 1882 1542 quam
1924 1467 2208 1526 fortunam

434 1561 774 1622 detrusisset.
853 1563 987 1622 Post
1013 1562 1276 1639 Dionysii
1299 1563 1596 1621 decessum
1634 1581 1766 1620 cum
1797 1561 2010 1620 Hiceta
2036 1563 2208 1621 bella·

397 1660 398 1663 ’
436 1655 531 1728 vit,
583 1658 679 1733 qui
724 1659 1047 1717 adversatus
1100 1659 1283 1718 fuerat
1333 1657 1609 1733 Dionysio
1626 1678 1640 1728 ;
1690 1674 1858 1732 quern
1910 1676 2022 1715 non
2073 1659 2209 1718 odio

327 1752 399 1810 15
435 1753 747 1827 tyrannidis
773 1744 1121 1827 dissensisse,
1149 1755 1251 1812 sed
1298 1754 1624 1831 cupiditate,
1653 1752 1867 1810 indicio
1906 1752 2029 1826 fuit,
2050 1751 2206 1828 quod

437 1848 574 1923 ipse,
603 1849 834 1925 expulso
860 1849 1153 1926 Dionysio,
1181 1850 1477 1926 imperium
1496 1848 1777 1933 dimittere
1798 1848 1993 1906 noluit.
2074 1848 2209 1908 Hoc

434 1957 712 2020 superato,
741 1944 1041 2005 Timoleon
1088 1942 1362 2005 maximas
1414 1945 1606 2021 copias
1647 1943 2206 2020 Carthaginiensium

436 2039 583 2114 apud
605 2039 936 2097 Crimissum
964 2039 1173 2097 flumen
1203 2041 1435 2118 fugavit,
1464 2060 1533 2098 ac
1560 2039 1696 2097 satis
1738 2039 1948 2098 habere
1996 2039 2204 2116 coEgit,

435 2132 483 2188 si
508 2133 704 2190 liceret
743 2129 998 2191 Africam
1042 2135 1320 2208 obtinere,
1365 2135 1462 2210 qui
1503 2136 1623 2212 jam
1670 2135 1985 2210 complures
2029 2154 2208 2193 annos

319 2225 397 2281 20
433 2227 840 2300 possessionem
894 2227 1103 2283 Siciliae
1155 2228 1444 2286 tenebant.
1525 2229 1694 2306 Cepit
1744 2229 1912 2287 etiam
1960 2228 2208 2288 Mamer-

433 2336 583 2391 cum,
612 2318 876 2378 Italicum
902 2321 1127 2393 ducem,
1155 2311 1443 2381 hominem
1470 2324 1799 2383 bellicosum
1823 2335 1880 2381 et
1894 2337 2205 2401 potentem,

432 2412 527 2490 qui
553 2421 819 2490 tyrannos
847 2416 1097 2493 adjutum
1124 2417 1184 2474 in
1214 2417 1470 2476 Siciliam
1497 2430 1742 2476 venerat.

511 2509 623 2569 III.
701 2512 932 2574 Quibus
956 2513 1124 2571 rebus
1150 2515 1445 2588 confectis,
1471 2517 1644 2591 quui‘n
1670 2519 1891 2590 propter
1924 2514 2202 2573 diuturni·

321 2669 324 2672 ,
433 2616 606 2663 tatem
633 2607 763 2674 belli
789 2627 904 2665 non
932 2605 1112 2665 solum
1139 2609 1400 2685 regiones
1427 2611 1526 2674 sed
1554 2610 1725 2668 etiam
1750 2609 1921 2667 urbes
1949 2611 2201 2669 desertas

319 2702 398 2759 25
435 2701 667 2774 videret,
695 2703 1048 2777 conquisivit,
1069 2721 1208 2779 quos
1223 2705 1423 2781 potuit,
1444 2701 1688 2781 primum
1711 2705 1932 2763 Siculos
1952 2727 1966 2775 ;
1998 2705 2205 2763 deinde

434 2796 706 2856 Corintho
734 2797 1018 2856 arcessivit
1044 2800 1290 2872 colonos,
1319 2799 1468 2875 quod
1504 2801 1574 2858 ab
1601 2800 1690 2858 his
1716 2795 1879 2858 initio
1907 2801 2206 2876 Syracusae

435 2903 596 2950 erant
645 2891 902 2950 conditae.
982 2892 1216 2951 Civibus
1258 2895 1538 2954 veteribus
1565 2914 1667 2953 sua
1707 2894 1987 2964 restituit3
2044 2896 2207 2953 novis

436 2988 582 3046 bello
634 2988 989 3046 vacuefactas
1046 2989 1425 3064 possessiones
1491 2989 1677 3048 divisit
1706 3010 1719 3059 ;
1777 2990 1999 3048 urbium
2067 3006 2205 3046 moe-

435 3081 533 3139 nia
568 3083 804 3158 disjecta
855 3084 1093 3158 fanaque
1141 3085 1364 3142 deserta
1408 3085 1638 3155 resecit3
1680 3086 1999 3145 civitatibus
2042 3086 2203 3162 leges

324 3176 401 3234 30
437 3175 858 3253 libertatemque
889 3179 1148 3237 reddidit.
1230 3180 1320 3236 Ex
1345 3180 1590 3238 maximo
1611 3181 1758 3241 bello
1784 3194 2004 3241 tantum
2024 3181 2204 3239 otium

437 3270 537 3330 toti
566 3271 761 3330 insulae
803 3273 1144 3346 conciliavit,
1187 3285 1250 3331 ut
1297 3274 1391 3331 hic
1432 3276 1688 3334 conditor
1727 3278 1951 3335 urbium
1988 3296 2204 3348 earum,

443 3384 557 3424 non
586 3367 685 3439 illi,
713 3369 809 3442 qui
835 3369 997 3428 initio
1022 3369 1390 3442 deduxerant,
1419 3367 1714 3430 videretur.
1798 3372 2010 3430 Arcem
2041 3373 2208 3447 Syra·

438 3461 610 3535 cusis,
635 3480 802 3547 quam
827 3465 1107 3523 munierat
1132 3464 1439 3539 Dionysius
1468 3467 1538 3523 ad
1584 3467 1779 3524 urbem
1811 3467 2204 3539 obsidendam,

231 2605 253 2636 ‘t
