2492 4207
997 239 1136 295 CON
1140 239 1235 287 ΟΝ
1240 276 1251 286 .
1731 266 1736 271 ·
2060 234 2138 291 39

227 409 376 456 rator
399 418 413 466 ς
458 417 518 454 re
542 397 774 472 quidem
802 398 932 455 vera
958 399 1236 456 exercitui
1278 400 1499 475 praefuit
1527 400 1752 474 Conon,
1782 401 2019 476 ejusque

223 494 417 551 omnia
436 493 669 552 arbitrio
690 506 848 569 gesta
870 507 1018 553 sunt.
1102 494 1220 551 Hic
1248 494 1488 552 multum
1510 497 1714 554 ducem
1736 516 2020 557 summum

224 589 565 664 Agesilaum
620 588 931 664 impedivit,
987 586 1251 665 saepeque
1307 589 1431 664 ejus
1483 591 1734 649 consiliis
1779 593 2014 651 obstitit.

223 684 432 761 Neque
463 683 597 742 vero
624 704 736 742 non
768 685 873 763 fuit
902 697 1178 761 apertum,
1208 684 1258 742 si
1286 685 1380 742 ille
1410 703 1525 742 non
1555 685 1771 759 fuisset,
1815 688 2018 764 Agesi-

222 780 381 847 laiim
404 780 607 837 Asiam
630 779 825 839 Tauro
861 792 1030 838 tenus
1056 780 1211 857 Regi
1251 780 1433 838 fuisse
1471 792 1810 856 erepturum.
1890 783 2017 846 Qui
2055 785 2100 841 5>

219 887 592 951 posteaquam
620 877 850 935 domum
879 897 913 935 a
940 876 1058 934 suis
1099 877 1319 934 civibus
1366 888 1664 935 revocatus
1711 888 1815 950 est,
1863 876 2014 953 quod

222 971 432 1030 Boeotii
460 984 516 1030 et
543 973 929 1030 Athenienses
958 972 1411 1030 Lacedaemoniis
1432 972 1647 1030 bellum
1674 972 2013 1045 indixerant,

221 1066 429 1126 Conon
456 1068 633 1126 nihilo
670 1067 861 1126 secius
910 1071 1071 1143 apud
1101 1069 1397 1145 praefectos
1444 1068 1629 1144 Regis
1667 1068 2014 1140 versabatur,

222 1163 423 1239 hisque
444 1164 708 1222 omnibus
735 1164 983 1230 maximo
1010 1175 1129 1222 erat
1152 1164 1297 1221 usui.

296 1257 413 1315 III.
495 1259 804 1318 Defecerat
830 1278 865 1316 a
891 1258 1057 1335 Rege
1087 1259 1525 1336 TissapherneS,
1553 1278 1738 1334 neque
1787 1258 1847 1315 id
1893 1269 2011 1316 tam
2056 1258 2129 1317 1⁰

222 1354 543 1427 Artaxerxi,
587 1352 760 1430 quam
789 1348 1027 1428 caeteris,
1078 1368 1200 1414 erat
1256 1366 1528 1430 apertum.
1613 1353 1814 1435 Multis
1856 1352 2012 1411 enim

219 1449 557 1526 magnisque
580 1448 797 1507 meritis
825 1451 972 1526 apud
1002 1449 1250 1527 Regem,
1280 1451 1453 1508 etiam
1495 1469 1669 1525 quum
1716 1450 1777 1508 in
1823 1448 2012 1509 officio

220 1565 332 1604 non
386 1557 662 1619 maneret,
718 1547 956 1632 valebat.
1039 1547 1244 1622 Neque
1301 1546 1359 1604 id
1407 1546 1750 1620 mirandum,
1800 1546 1848 1604 si
1894 1565 2010 1604 non

221 1641 385 1699 facile
416 1643 487 1700 ad
515 1643 864 1703 credendum
893 1644 1307 1716 adducebatur,
1350 1642 1745 1715 reminiscens,
1782 1642 1908 1717 ejus
1950 1660 2012 1698 se

218 1740 390 1814 opera
445 1739 659 1815 Cyrum
724 1741 957 1805 fratrem
1025 1739 1341 1814 superasse.
1452 1738 1645 1813 Hujus
1699 1736 2011 1796 accusandi
2056 1738 2129 1793 15

214 1835 409 1911 gratia.
429 1835 632 1891 Conon
663 1853 697 1888 a
723 1833 1104 1903 Pharnabazo
1132 1835 1203 1889 ad
1246 1834 1474 1907 Regem
1521 1833 1748 1902 missuS,
1795 1843 2013 1907 postea-

212 1948 387 2005 quam
415 1927 589 1998 venit,
617 1927 865 2001 primum
891 1945 964 2005 ex
990 1945 1146 1983 more
1174 1926 1478 1982 Persarum
1502 1927 1573 1982 ad
1595 1926 2010 1998 chiliarchum,

213 2024 313 2100 qui
368 2021 683 2078 secundum
736 2022 978 2097 gradum
1032 2020 1253 2096 imperii
1322 2020 1572 2094 tenebat,
1636 2020 2013 2078 Tithrausten

216 2117 480 2196 accessit,
504 2137 675 2193 seque
697 2118 943 2176 ostendit
960 2137 1093 2175 cum
1117 2117 1286 2195 Rege
1304 2117 1547 2192 colloqui
1569 2118 1731 2175 velle.
1816 2116 2005 2175 Nemo

215 2216 369 2278 enim
399 2213 522 2271 sine
546 2214 654 2272 hoc
685 2212 1014 2272 admittitur.
1099 2213 1259 2272 Huic
1286 2213 1402 2288 ille,
1431 2214 1605 2286 nulla,
1625 2213 1827 2289 inquit,
1851 2233 2011 2271 mora
2048 2213 2130 2270 20

217 2318 331 2374 est3
374 2309 474 2367 sed
495 2317 558 2365 tu
585 2308 853 2381 delibera,
882 2307 1074 2367 utrum
1102 2310 1341 2385 colloqui
1366 2310 1550 2382 maliS,
1580 2329 1771 2386 anper
1787 2310 2008 2367 litteras

218 2424 404 2480 agere,
433 2424 556 2481 quoe
585 2406 827 2479 cogitas,
906 2404 1144 2462 Necesse
1171 2413 1254 2462 est
1280 2405 1442 2475 enim,
1472 2405 1524 2460 si
1564 2405 1626 2460 in
1662 2413 2009 2479 conspectum

219 2493 451 2574 veneris,
479 2501 738 2557 venerari
772 2508 824 2557 te
846 2499 1065 2574 Regem
1085 2498 1262 2575 (quod
1283 2498 1630 2575 proskynein
1649 2498 1732 2554 illi
1753 2499 2005 2575 vocant.)

218 2595 350 2654 Hoc
377 2597 430 2653 si
457 2596 563 2652 tibi
584 2614 766 2670 grave
793 2603 894 2668 est,
912 2614 1023 2671 per
1048 2579 1128 2652 me
1155 2594 1332 2651 nihilo
1360 2592 1542 2651 seciics
1582 2593 1753 2668 editis
1779 2577 2010 2651 mansla-

217 2692 292 2747 tis
334 2687 618 2766 ἐπιβοῆς,
672 2690 824 2766 quod
846 2691 1049 2748 studes.
1159 2689 1315 2746 Tum
1369 2689 1593 2762 Conon,
1649 2689 1803 2746 Mihi
1853 2688 2006 2763 vero,
2045 2690 2124 2748 25

218 2785 422 2860 inquit,
476 2804 600 2842 non.
634 2794 716 2843 est
755 2789 956 2861 grave,
1006 2787 1248 2862 quemvis
1291 2785 1544 2843 honorem
1591 2785 1790 2843 habere
1828 2785 2004 2860 Regi.

219 2880 335 2939 Sed
356 2900 564 2953 vereor,
586 2900 651 2937 ne
679 2882 907 2958 civitati
932 2901 1062 2939 mece
1089 2882 1165 2939 sit
1192 2881 1513 2958 opprobrio,
1543 2882 1613 2954 si,
1658 2900 1824 2957 quum
1851 2900 1913 2937 ez
1940 2879 2006 2938 eci

220 2976 316 3034 sim
328 2974 646 3053 profectus,
674 2997 796 3054 quoe
825 2979 1040 3036 coeteris
1063 2977 1328 3051 gentibus
1350 2978 1624 3053 imperare
1643 2976 2003 3049 consueverit,

211 3071 404 3148 potiris
433 3073 820 3146 barbarorum,
849 3073 1018 3151 quam
1059 3074 1244 3139 illius„
1272 3094 1417 3131 more
1441 3072 1696 3149 fungar.
1780 3071 2000 3147 Itaque,

220 3185 336 3241 quae
364 3169 605 3242 volebat,
634 3169 770 3226 huic
798 3169 1006 3245 scripta
1032 3168 1281 3228 tradidit.
2041 3170 2120 3227 30

293 3263 399 3322 IV.
480 3265 716 3327 Quibus
763 3266 1025 3344 cognitis,
1075 3266 1209 3322 Rex
1257 3264 1480 3323 tantiim
1519 3264 1852 3322 auctoritate
1879 3266 2005 3342 ejus

223 3371 399 3417 motus
426 3372 532 3433 est,
560 3373 623 3419 ut
650 3361 1100 3435 Tissaphernem
1128 3363 1349 3419 hostem
1366 3360 1723 3437 judicaverit,
1747 3373 1804 3418 et
1826 3360 2004 3418 Lace-

224 3453 525 3513 daemonios
554 3456 701 3515 bello
727 3456 987 3532 persequi
1010 3456 1261 3531 jusserit,
1290 3468 1347 3512 et
1375 3455 1429 3511 ei
1456 3454 1792 3530 permiserit,
1832 3473 1998 3529 quem
