2492 4207
879 211 1445 262 THEMISTOCLES.
1707 262 1710 265 .
2116 207 2189 266 15

273 374 335 433 in
363 375 483 434 salo
509 393 717 434 navem
743 373 929 432 tenuit
955 373 1015 431 in
1046 372 1293 447 ancoris,
1320 392 1505 449 neque
1553 392 1876 450 quenquam
1902 393 1976 432 ex
2001 376 2073 434 ea

271 471 430 530 exire
457 492 661 550 passus
683 483 783 530 est.
865 470 1012 528 Inde
1041 462 1336 546 Ephesum
1362 471 1638 546 pervenit,
1681 471 1873 548 ibique
1915 470 2074 530 The·

271 568 598 628 mistoclem
623 567 886 646 exponit:
929 566 1027 626 cui
1054 566 1148 625 ille
1187 587 1292 645 pro
1338 567 1555 626 meritis
1595 568 1836 645 gratiam
1875 581 2076 646 postea

233 703 242 711 ›
271 667 488 726 retulit.

351 763 468 822 IX.
549 763 685 823 Scio
733 764 1031 840 plerosque
1085 762 1166 821 ita
1228 761 1545 839 scripsisse,
1599 761 2072 841 Themistoclem,
2112 767 2152 825 5

272 859 470 920 Xerxe
496 872 792 937 regnante,
822 861 882 918 in
911 859 1114 921 Asiam
1161 859 1474 917 transiisse.
1558 859 1675 916 Sed
1704 878 1810 936 ego
1853 861 2077 936 potissi·

271 954 434 1014 mum
463 956 795 1033 Thucydidi
823 943 1016 1028 credo,
1043 954 1195 1031 quod
1250 967 1414 1014 aetate
1460 954 1752 1032 proximus
1798 968 1937 1030 erat,
1978 956 2077 1033 qui

271 1052 498 1111 illorum
538 1064 871 1130 „temporum
935 1052 1227 1110 historiam
1296 1052 1666 1127 reliquerunt,
1714 1062 1774 1111 et
1820 1051 2076 1127 ejusdem

273 1148 523 1207 civitatis
550 1149 673 1208 fuit.
757 1148 819 1207 Is
848 1160 1039 1206 autem
1069 1147 1167 1221 ait,
1192 1149 1264 1205 ad
1286 1147 1658 1206 Artaxerxem
1680 1169 1814 1208 eum
1830 1149 2076 1223 venisse,

275 1257 445 1321 atque
473 1245 563 1303 his
589 1245 778 1303 verbis
799 1244 1096 1321 epistolam
1117 1244 1357 1302 misisse.
1442 1249 1479 1275 “
1501 1244 1925 1305 Themistocles
1946 1247 2078 1305 veni
2120 1247 2193 1306 10

274 1343 347 1400 ad
375 1353 450 1415 te,
473 1343 573 1418 qui
598 1341 847 1418 plurima
887 1342 1038 1400 mala
1079 1341 1335 1402 omnium
1384 1340 1691 1400 Graiorum
1735 1341 1796 1400 in
1843 1343 2076 1402 domum

270 1448 431 1496 tuam
455 1438 644 1510 intuli,
672 1457 846 1513 quum
872 1437 1016 1496 mihi
1043 1456 1283 1496 necesse
1333 1437 1460 1511 fuit,
1510 1433 1821 1496 adversum·
1856 1450 2074 1514 patrem

271 1546 434 1594 tuum
464 1535 696 1606 bellare,
718 1535 1069 1611 patriamque
1087 1553 1278 1593 meam
1299 1534 1627 1592 defendere.
1708 1533 1874 1592 Idem
1895 1533 2075 1595 multo

270 1632 437 1708 plura
464 1632 617 1689 bona
643 1631 774 1704 feci,
801 1643 1102 1708 postquam
1129 1629 1190 1690 in
1219 1642 1343 1691 tuto
1372 1629 1513 1706 ipse,
1536 1642 1594 1689 et
1622 1630 1717 1689 ille
1742 1630 1802 1687 in
1821 1630 2077 1707 periculo

270 1749 397 1786 esse
426 1729 616 1804 coepit.
700 1727 854 1785 Nam
879 1747 1057 1804 quum
1085 1727 1382 1788 in‘Asiam
1407 1727 1616 1787 reverti
1641 1729 1829 1803 vellet,
1877 1729 2080 1805 proelio
2122 1730 2195 1789 15

269 1826 424 1904 apud
455 1824 751 1882 Salamina
776 1826 950 1895 sactu,
978 1825 1184 1881 litteris
1204 1844 1339 1881 eum
1366 1825 1668 1884 certiorem
1715 1825 1847 1898 feci,
1876 1826 1935 1882 id
1966 1826 2078 1902 agi,

269 1933 340 1979 ut
363 1940 530 1996 ponS,
559 1936 728 1993 quem
757 1917 817 1974 in
846 1917 1224 1994 Hellesponto
1254 1919 1487 1990 fecerat,
1536 1917 1953 1992 dissolveretur,
2002 1932 2082 1979 at-

271 2035 386 2093 que
417 2016 489 2072 ab
517 2013 772 2072 hostibus
800 2013 1215 2072 circumiretur.
1298 2013 1439 2076 Quo
1465 2013 1669 2071 nuntio
1697 2013 1791 2071 ille
1827 2015 2081 2092 periculo

272 2123 362 2171 est
389 2111 679 2169 liberatus.
762 2109 942 2168 Nunc
969 2110 1208 2187 confugi
1236 2110 1311 2168 ad
1338 2122 1391 2169 te
1817 2132 1839 2171 1
1865 2114 2079 2173 cuncta

273 2208 522 2281 Graeoia,
552 2219 709 2266 tuam
737 2219 939 2283 petens
967 2207 1300 2266 amicitiam.
1381 2216 1582 2270 tecuam
1620 2233 1668 2265 s1
1694 2233 1793 2267 ero
1816 2209 2075 2287 adeptus,
2116 2210 2195 2269 20

275 2324 391 2362 non
419 2300 612 2361 minus
658 2322 749 2360 me
793 2304 1008 2362 bonum
1058 2303 1309 2366 amicum
1357 2303 1617 2377 habebis,
1660 2304 1831 2381 quam
1876 2307 2080 2365 fortem

276 2399 575 2458 inimicum
603 2399 707 2456 ille'
726 2411 994 2475 expertus
1020 2410 1125 2457 est.
1208 2399 1299 2456 Ea
1328 2410 1518 2457 autem
1555 2419 1712 2475 rogo,
1761 2412 1825 2459 ut
1869 2402 1943 2458 de
1987 2401 2078 2460 his

276 2496 466 2569 rebus,
494 2514 638 2571 quas
664 2507 858 2553 tecum
887 2495 1133 2570 colloqui
1161 2495 1314 2567 volo,
1364 2512 1579 2551 annum
1627 2495 1770 2551 mihi
1810 2497 2079 2573 temporis

278 2591 401 2665 deS‚
430 2610 612 2667 eoque
635 2602 943 2663 transacto,
973 2610 1065 2647 me
1094 2590 1165 2647 ad
1193 2600 1251 2648 te
1279 2589 1472 2647 venire
1491 2589 1781 2674 patiaris.'’

358 2688 436 2745 X.
520 2687 712 2762 Hujus
735 2686 871 2744 Rex
899 2686 1074 2744 animi
1102 2670 1561 2764 magnitudinem
1589 2688 1898 2763 admirans,
1920 2690 2079 2767 cupi·
2114 2692 2193 2750 25

281 2802 496 2857 ensque
523 2784 694 2841 talem
723 2783 906 2841 virum
934 2784 1043 2841 sibi
1084 2784 1402 2857 conciliari,
1445 2771 1671 2865 {reniam
1714 2786 1888 2843 dedit.
1971 2786 2079 2845 Ille

279 2898 449 2938 omne
476 2878 531 2937 id
553 2890 774 2957 tempus
795 2879 1000 2939 litteris
1021 2879 1381 2955 sermonique
1399 2880 1700 2939 Persarum
1724 2880 1883 2939 dedit
1904 2902 1919 2952 ;
1960 2882 2081 2958 qui-

281 2976 386 3034 bus
415 2972 562 3033 adeo
590 2977 845 3036 eruditus
873 2989 980 3049 est,
1008 2987 1071 3035 ut
1091 2975 1272 3034 multo
1295 2974 1650 3035 commodius
1677 2976 1900 3035 dicatur
1929 2979 2079 3056 apud

283 3070 509 3148 Regem
537 3072 710 3129 verba
735 3072 959 3147 fecisse,
987 3056 1158 3148 quam
1190 3073 1250 3129 hi
1276 3069 1555 3149 poterant,
1604 3072 1702 3148 qui
1745 3073 1803 3131 in
1846 3075 2078 3135 Perside

283 3180 444 3227 erant
470 3170 608 3227 nati.
695 3168 812 3227 Hic
837 3190 1012 3245 quum
1039 3171 1220 3228 multa
1244 3169 1401 3246 Regi
1428 3180 1579 3228 esset
1605 3170 1909 3246 pollicitUS,
1953 3193 2080 3250 gra·
2116 3174 2193 3232 30

286 3264 676 3341 tiss-imumque
699 3264 859 3338 illud,
888 3266 937 3323 si
963 3266 1083 3324 suis
1110 3266 1194 3324 uti
1221 3266 1477 3325 consiliis
1523 3266 1709 3340 vellet,
1739 3268 1898 3326 illum
1924 3270 2079 3327 Grae-

287 3359 435 3418 ciam
462 3362 610 3419 bello
630 3381 1069 3439 oppressurum3
1113 3363 1337 3439 magnis
1377 3362 1711 3422 muneribus
1755 3366 1827 3422 ab
1873 3368 2078 3424 Artax-

295 3475 427 3515 erxe
454 3458 716 3533 donatus,
745 3459 806 3516 in
829 3459 1031 3518 Asiam
1053 3461 1241 3533 rediit,
1272 3459 1733 3538 domiciliumque
1761 3461 2079 3540 Magnesiae
