<?xml version="1.0" encoding="UTF-8"?>
<!DOCTYPE html PUBLIC "-//W3C//DTD XHTML 1.0 Transitional//EN"
    "http://www.w3.org/TR/xhtml1/DTD/xhtml1-transitional.dtd">
<html xmlns="http://www.w3.org/1999/xhtml" xml:lang="en" lang="en">
 <head>
  <title>
</title>
<meta http-equiv="Content-Type" content="text/html;charset=utf-8" />
  <meta name='ocr-system' content='tesseract 3.04.00' />
  <meta name='ocr-capabilities' content='ocr_page ocr_carea ocr_par ocr_line ocrx_word'/>
</head>
<body>
  <div class='ocr_page' id='page_1' title='image "./devitaexcellent00haywgoog_0036.png"; bbox 0 0 2492 4207; ppageno 0'>
   <div class='ocr_carea' id='block_1_1' title="bbox 361 288 1603 346">
    <p class='ocr_par' dir='ltr' id='par_1_1' title="bbox 361 288 1603 346">
     <span class='ocr_line' id='line_1_1' title="bbox 361 288 1603 346; baseline -0.005 0"><span class='ocrx_word' id='word_1_1' title='bbox 361 288 440 346; x_wconf 78' lang='grc'><strong>26</strong></span> <span class='ocrx_word' id='word_1_2' title='bbox 1157 291 1603 344; x_wconf 83' lang='lat' dir='ltr'>ALCIBIADES.</span> 
     </span>
    </p>
   </div>
   <div class='ocr_carea' id='block_1_2' title="bbox 348 453 2361 2715">
    <p class='ocr_par' dir='ltr' id='par_1_2' title="bbox 474 453 2282 804">
     <span class='ocr_line' id='line_1_2' title="bbox 479 453 2282 534; baseline -0.002 -19"><span class='ocrx_word' id='word_1_3' title='bbox 479 457 824 534; x_wconf 84' lang='lat' dir='ltr'><strong>gerendum3</strong></span> <span class='ocrx_word' id='word_1_4' title='bbox 868 454 968 513; x_wconf 86' lang='lat' dir='ltr'><strong>sed</strong></span> <span class='ocrx_word' id='word_1_5' title='bbox 1022 453 1102 513; x_wconf 92' lang='lat' dir='ltr'><strong>ita</strong></span> <span class='ocrx_word' id='word_1_6' title='bbox 1148 455 1380 532; x_wconf 90' lang='lat' dir='ltr'><strong>scripta,</strong></span> <span class='ocrx_word' id='word_1_7' title='bbox 1428 466 1492 513; x_wconf 90' lang='lat' dir='ltr'><strong>ut</strong></span> <span class='ocrx_word' id='word_1_8' title='bbox 1538 454 1774 512; x_wconf 89' lang='lat' dir='ltr'><strong>deorum</strong></span> <span class='ocrx_word' id='word_1_9' title='bbox 1817 453 2100 511; x_wconf 87' lang='lat' dir='ltr'><strong>videretur</strong></span> <span class='ocrx_word' id='word_1_10' title='bbox 2143 472 2282 512; x_wconf 90' lang='lat' dir='ltr'><strong>con-</strong></span> 
     </span>
     <span class='ocr_line' id='line_1_3' title="bbox 475 549 2280 629; baseline -0.001 -19"><span class='ocrx_word' id='word_1_11' title='bbox 475 571 678 629; x_wconf 90' lang='lat' dir='ltr'><strong>gruere</strong></span> <span class='ocrx_word' id='word_1_12' title='bbox 700 550 1018 625; x_wconf 82' lang='lat' dir='ltr'><strong>sententiae,</strong></span> <span class='ocrx_word' id='word_1_13' title='bbox 1046 570 1217 627; x_wconf 89' lang='lat' dir='ltr'><strong>quam</strong></span> <span class='ocrx_word' id='word_1_14' title='bbox 1245 551 1340 609; x_wconf 87' lang='lat' dir='ltr'><strong>ille</strong></span> <span class='ocrx_word' id='word_1_15' title='bbox 1368 570 1430 608; x_wconf 89' lang='lat' dir='ltr'><strong>se</strong></span> <span class='ocrx_word' id='word_1_16' title='bbox 1458 550 1783 610; x_wconf 89' lang='lat' dir='ltr'><strong>habiturum</strong></span> <span class='ocrx_word' id='word_1_17' title='bbox 1810 549 2059 626; x_wconf 65' lang='lat' dir='ltr'><strong>pecunia</strong></span> <span class='ocrx_word' id='word_1_18' title='bbox 2092 550 2280 608; x_wconf 87' lang='lat' dir='ltr'><strong>fidens</strong></span> 
     </span>
     <span class='ocr_line' id='line_1_4' title="bbox 476 647 2281 726; baseline 0.001 -20"><span class='ocrx_word' id='word_1_19' title='bbox 476 669 592 708; x_wconf 93' lang='lat' dir='ltr'><strong>non</strong></span> <span class='ocrx_word' id='word_1_20' title='bbox 633 649 944 707; x_wconf 80' lang='lat' dir='ltr'><strong>dubitabat.</strong></span> <span class='ocrx_word' id='word_1_21' title='bbox 1037 648 1208 707; x_wconf 90' lang='lat' dir='ltr'><strong>Hanc</strong></span> <span class='ocrx_word' id='word_1_22' title='bbox 1249 648 1304 705; x_wconf 90' lang='lat' dir='ltr'><strong>ei</strong></span> <span class='ocrx_word' id='word_1_23' title='bbox 1344 649 1638 726; x_wconf 81' lang='lat' dir='ltr'>scripsisse</span> <span class='ocrx_word' id='word_1_24' title='bbox 1679 649 1863 708; x_wconf 85' lang='lat' dir='ltr'><strong>Cleon</strong></span> <span class='ocrx_word' id='word_1_25' title='bbox 1906 647 2281 707; x_wconf 87' lang='lat' dir='ltr'><strong>Halicarnas-</strong></span> 
     </span>
     <span class='ocr_line' id='line_1_5' title="bbox 474 745 858 804; baseline -0.003 0"><span class='ocrx_word' id='word_1_26' title='bbox 474 764 607 804; x_wconf 90' lang='lat' dir='ltr'><strong>seus</strong></span> <span class='ocrx_word' id='word_1_27' title='bbox 634 745 858 804; x_wconf 89' lang='lat' dir='ltr'><strong>dicitur.</strong></span> 
     </span>
    </p>

    <p class='ocr_par' dir='ltr' id='par_1_3' title="bbox 396 839 2339 1303">
     <span class='ocr_line' id='line_1_6' title="bbox 396 839 2339 917; baseline 0.001 -19"><span class='ocrx_word' id='word_1_28' title='bbox 396 843 435 898; x_wconf 91' lang='lat'><em>5</em></span> <span class='ocrx_word' id='word_1_29' title='bbox 552 840 657 898; x_wconf 90' lang='lat' dir='ltr'><strong>IV.</strong></span> <span class='ocrx_word' id='word_1_30' title='bbox 740 842 931 917; x_wconf 84' lang='lat' dir='ltr'><strong>Atque</strong></span> <span class='ocrx_word' id='word_1_31' title='bbox 959 841 1068 898; x_wconf 88' lang='lat' dir='ltr'><strong>hoc</strong></span> <span class='ocrx_word' id='word_1_32' title='bbox 1106 839 1234 898; x_wconf 92' lang='lat' dir='ltr'><strong>loco</strong></span> <span class='ocrx_word' id='word_1_33' title='bbox 1275 857 1390 897; x_wconf 90' lang='lat' dir='ltr'><strong>non</strong></span> <span class='ocrx_word' id='word_1_34' title='bbox 1430 852 1518 898; x_wconf 91' lang='lat' dir='ltr'><strong>est</strong></span> <span class='ocrx_word' id='word_1_35' title='bbox 1559 841 2017 916; x_wconf 62' lang='lat' dir='ltr'><strong>praetereundum</strong></span> <span class='ocrx_word' id='word_1_36' title='bbox 2061 842 2276 900; x_wconf 86' lang='lat' dir='ltr'><strong>factum</strong></span> <span class='ocrx_word' id='word_1_37' title='bbox 2331 862 2339 870; x_wconf 79' lang='grc'><em>·</em></span> 
     </span>
     <span class='ocr_line' id='line_1_7' title="bbox 473 932 2277 1012; baseline 0.001 -18"><span class='ocrx_word' id='word_1_38' title='bbox 473 936 858 1011; x_wconf 82' lang='lat' dir='ltr'><strong>Pharnabazi,</strong></span> <span class='ocrx_word' id='word_1_39' title='bbox 912 935 1150 1012; x_wconf 85' lang='lat' dir='ltr'><strong>satrapis</strong></span> <span class='ocrx_word' id='word_1_40' title='bbox 1215 933 1410 1012; x_wconf 87' lang='lat' dir='ltr'><strong>Regii.</strong></span> <span class='ocrx_word' id='word_1_41' title='bbox 1531 932 1685 993; x_wconf 91' lang='lat' dir='ltr'><strong>Nam</strong></span> <span class='ocrx_word' id='word_1_42' title='bbox 1747 951 1922 1012; x_wconf 87' lang='lat' dir='ltr'><strong>quum</strong></span> <span class='ocrx_word' id='word_1_43' title='bbox 1975 935 2277 1012; x_wconf 86' lang='lat' dir='ltr'><strong>Lysander</strong></span> 
     </span>
     <span class='ocr_line' id='line_1_8' title="bbox 472 1031 2275 1110; baseline 0 -19"><span class='ocrx_word' id='word_1_44' title='bbox 472 1034 774 1110; x_wconf 81' lang='lat' dir='ltr'><strong>praefectus</strong></span> <span class='ocrx_word' id='word_1_45' title='bbox 826 1031 1024 1097; x_wconf 88' lang='lat' dir='ltr'><strong>classis</strong></span> <span class='ocrx_word' id='word_1_46' title='bbox 1076 1031 1137 1089; x_wconf 88' lang='lat' dir='ltr'><strong>in</strong></span> <span class='ocrx_word' id='word_1_47' title='bbox 1191 1031 1342 1090; x_wconf 89' lang='lat' dir='ltr'><strong>bello</strong></span> <span class='ocrx_word' id='word_1_48' title='bbox 1394 1033 1573 1090; x_wconf 88' lang='lat' dir='ltr'><strong>multa</strong></span> <span class='ocrx_word' id='word_1_49' title='bbox 1625 1032 1934 1091; x_wconf 88' lang='lat' dir='ltr'><strong>crudeliter</strong></span> <span class='ocrx_word' id='word_1_50' title='bbox 1992 1031 2275 1108; x_wconf 72' lang='lat' dir='ltr'><strong>avareque</strong></span> 
     </span>
     <span class='ocr_line' id='line_1_9' title="bbox 474 1127 2275 1205; baseline -0.001 -18"><span class='ocrx_word' id='word_1_51' title='bbox 474 1129 721 1201; x_wconf 81' lang='lat' dir='ltr'>fecisset,</span> <span class='ocrx_word' id='word_1_52' title='bbox 749 1128 932 1202; x_wconf 85' lang='lat' dir='ltr'><strong>deque</strong></span> <span class='ocrx_word' id='word_1_53' title='bbox 961 1127 1050 1188; x_wconf 91' lang='lat' dir='ltr'><strong>his</strong></span> <span class='ocrx_word' id='word_1_54' title='bbox 1086 1128 1258 1186; x_wconf 91' lang='lat' dir='ltr'><strong>rebus</strong></span> <span class='ocrx_word' id='word_1_55' title='bbox 1299 1127 1683 1205; x_wconf 90' lang='lat' dir='ltr'><strong>suspicaretur</strong></span> <span class='ocrx_word' id='word_1_56' title='bbox 1711 1130 1782 1186; x_wconf 92' lang='lat' dir='ltr'><strong>ad</strong></span> <span class='ocrx_word' id='word_1_57' title='bbox 1805 1127 1960 1187; x_wconf 89' lang='lat' dir='ltr'><strong>cives</strong></span> <span class='ocrx_word' id='word_1_58' title='bbox 1987 1148 2119 1187; x_wconf 90' lang='lat' dir='ltr'><strong>suos</strong></span> <span class='ocrx_word' id='word_1_59' title='bbox 2143 1147 2275 1186; x_wconf 90' lang='lat' dir='ltr'><strong>esse</strong></span> 
     </span>
     <span class='ocr_line' id='line_1_10' title="bbox 470 1218 2273 1303; baseline -0.002 -20"><span class='ocrx_word' id='word_1_60' title='bbox 470 1226 769 1303; x_wconf 89' lang='lat' dir='ltr'><strong>perlatum,</strong></span> <span class='ocrx_word' id='word_1_61' title='bbox 796 1223 962 1300; x_wconf 88' lang='lat' dir='ltr'><strong>petiit</strong></span> <span class='ocrx_word' id='word_1_62' title='bbox 990 1242 1023 1280; x_wconf 94' lang='lat' dir='ltr'><strong>a</strong></span> <span class='ocrx_word' id='word_1_63' title='bbox 1049 1218 1448 1295; x_wconf 75' lang='lat' dir='ltr'><strong>Pharnabazo,</strong></span> <span class='ocrx_word' id='word_1_64' title='bbox 1478 1235 1541 1282; x_wconf 91' lang='lat' dir='ltr'><strong>ut</strong></span> <span class='ocrx_word' id='word_1_65' title='bbox 1570 1225 1641 1281; x_wconf 90' lang='lat' dir='ltr'><strong>ad</strong></span> <span class='ocrx_word' id='word_1_66' title='bbox 1684 1223 1943 1301; x_wconf 87' lang='lat' dir='ltr'><strong>Ephoros</strong></span> <span class='ocrx_word' id='word_1_67' title='bbox 1981 1222 2093 1281; x_wconf 90' lang='lat' dir='ltr'><strong>sibi</strong></span> <span class='ocrx_word' id='word_1_68' title='bbox 2119 1221 2273 1282; x_wconf 90' lang='lat' dir='ltr'><strong>testi-</strong></span> 
     </span>
    </p>

    <p class='ocr_par' dir='ltr' id='par_1_4' title="bbox 361 1318 2272 1588">
     <span class='ocr_line' id='line_1_11' title="bbox 361 1318 2271 1396; baseline 0 -20"><span class='ocrx_word' id='word_1_69' title='bbox 361 1321 433 1378; x_wconf 87' lang='lat'><strong>10</strong></span> <span class='ocrx_word' id='word_1_70' title='bbox 473 1318 726 1378; x_wconf 85' lang='lat' dir='ltr'><strong>monium</strong></span> <span class='ocrx_word' id='word_1_71' title='bbox 758 1318 941 1392; x_wconf 90' lang='lat' dir='ltr'><strong>daret,</strong></span> <span class='ocrx_word' id='word_1_72' title='bbox 970 1319 1183 1395; x_wconf 69' lang='lat' dir='ltr'><strong>quanta</strong></span> <span class='ocrx_word' id='word_1_73' title='bbox 1211 1318 1516 1376; x_wconf 75' lang='lat' dir='ltr'><strong>sanctitate</strong></span> <span class='ocrx_word' id='word_1_74' title='bbox 1544 1319 1759 1377; x_wconf 87' lang='lat' dir='ltr'><strong>bellum</strong></span> <span class='ocrx_word' id='word_1_75' title='bbox 1797 1319 2087 1396; x_wconf 88' lang='lat' dir='ltr'><strong>gessisset,</strong></span> <span class='ocrx_word' id='word_1_76' title='bbox 2133 1319 2271 1378; x_wconf 90' lang='lat' dir='ltr'><strong>soci-</strong></span> 
     </span>
     <span class='ocr_line' id='line_1_12' title="bbox 469 1413 2272 1492; baseline -0.001 -18"><span class='ocrx_word' id='word_1_77' title='bbox 469 1433 643 1490; x_wconf 92' lang='lat' dir='ltr'><strong>osque</strong></span> <span class='ocrx_word' id='word_1_78' title='bbox 670 1414 989 1488; x_wconf 68' lang='lat' dir='ltr'><strong>tractasset,</strong></span> <span class='ocrx_word' id='word_1_79' title='bbox 1020 1414 1203 1489; x_wconf 91' lang='lat' dir='ltr'><strong>deque</strong></span> <span class='ocrx_word' id='word_1_80' title='bbox 1246 1413 1317 1471; x_wconf 70' lang='lat' dir='ltr'><strong>ea</strong></span> <span class='ocrx_word' id='word_1_81' title='bbox 1352 1433 1414 1471; x_wconf 93' lang='lat' dir='ltr'><strong>re</strong></span> <span class='ocrx_word' id='word_1_82' title='bbox 1453 1414 1724 1473; x_wconf 69' lang='lat' dir='ltr'><strong>accurate</strong></span> <span class='ocrx_word' id='word_1_83' title='bbox 1769 1415 2074 1485; x_wconf 85' lang='lat' dir='ltr'><strong>scriberet3</strong></span> <span class='ocrx_word' id='word_1_84' title='bbox 2121 1434 2272 1492; x_wconf 89' lang='lat' dir='ltr'><strong>mag-</strong></span> 
     </span>
     <span class='ocr_line' id='line_1_13' title="bbox 470 1509 2268 1588; baseline -0.001 -20"><span class='ocrx_word' id='word_1_85' title='bbox 470 1530 605 1568; x_wconf 89' lang='lat' dir='ltr'><strong>nam</strong></span> <span class='ocrx_word' id='word_1_86' title='bbox 631 1511 787 1568; x_wconf 91' lang='lat' dir='ltr'><strong>enim</strong></span> <span class='ocrx_word' id='word_1_87' title='bbox 828 1511 953 1588; x_wconf 88' lang='lat' dir='ltr'><strong>ejus</strong></span> <span class='ocrx_word' id='word_1_88' title='bbox 996 1509 1393 1569; x_wconf 89' lang='lat' dir='ltr'><strong>auctoritatem</strong></span> <span class='ocrx_word' id='word_1_89' title='bbox 1437 1509 1497 1566; x_wconf 90' lang='lat' dir='ltr'><strong>in</strong></span> <span class='ocrx_word' id='word_1_90' title='bbox 1540 1509 1610 1565; x_wconf 77' lang='lat' dir='ltr'><strong>eii</strong></span> <span class='ocrx_word' id='word_1_91' title='bbox 1653 1520 1714 1567; x_wconf 93' lang='lat' dir='ltr'><strong>re</strong></span> <span class='ocrx_word' id='word_1_92' title='bbox 1759 1511 2025 1569; x_wconf 90' lang='lat' dir='ltr'><strong>futuram.</strong></span> <span class='ocrx_word' id='word_1_93' title='bbox 2112 1509 2268 1568; x_wconf 92' lang='lat' dir='ltr'><strong>Huic</strong></span> 
     </span>
    </p>

    <p class='ocr_par' dir='ltr' id='par_1_5' title="bbox 369 1604 2271 1778">
     <span class='ocr_line' id='line_1_14' title="bbox 369 1604 2271 1683; baseline 0.001 -20"><span class='ocrx_word' id='word_1_94' title='bbox 369 1638 370 1641; x_wconf 33' lang='lat'>¹</span> <span class='ocrx_word' id='word_1_95' title='bbox 469 1604 563 1664; x_wconf 91' lang='lat' dir='ltr'><strong>ille</strong></span> <span class='ocrx_word' id='word_1_96' title='bbox 590 1606 900 1665; x_wconf 83' lang='lat' dir='ltr'><strong>liberaliter</strong></span> <span class='ocrx_word' id='word_1_97' title='bbox 925 1606 1240 1683; x_wconf 86' lang='lat' dir='ltr'><strong>pollicetur.</strong></span> <span class='ocrx_word' id='word_1_98' title='bbox 1312 1636 1315 1639; x_wconf 96' lang='lat'>·</span> <span class='ocrx_word' id='word_1_99' title='bbox 1341 1604 1580 1663; x_wconf 91' lang='lat' dir='ltr'><strong>Librum</strong></span> <span class='ocrx_word' id='word_1_100' title='bbox 1606 1625 1839 1682; x_wconf 86' lang='lat' dir='ltr'><strong>gravem</strong></span> <span class='ocrx_word' id='word_1_101' title='bbox 1865 1607 2061 1665; x_wconf 89' lang='lat' dir='ltr'><strong>multis</strong></span> <span class='ocrx_word' id='word_1_102' title='bbox 2088 1606 2271 1665; x_wconf 86' lang='lat' dir='ltr'><strong>verbis</strong></span> 
     </span>
     <span class='ocr_line' id='line_1_15' title="bbox 433 1700 2270 1778; baseline -0.002 -15"><span class='ocrx_word' id='word_1_103' title='bbox 433 1755 440 1763; x_wconf 95' lang='lat'><strong>.</strong></span> <span class='ocrx_word' id='word_1_104' title='bbox 474 1700 832 1778; x_wconf 88' lang='lat' dir='ltr'><strong>conscripsit,</strong></span> <span class='ocrx_word' id='word_1_105' title='bbox 861 1702 920 1759; x_wconf 91' lang='lat' dir='ltr'><strong>in</strong></span> <span class='ocrx_word' id='word_1_106' title='bbox 948 1721 1061 1776; x_wconf 91' lang='lat' dir='ltr'><strong>quo</strong></span> <span class='ocrx_word' id='word_1_107' title='bbox 1087 1700 1325 1760; x_wconf 89' lang='lat' dir='ltr'><strong>summis</strong></span> <span class='ocrx_word' id='word_1_108' title='bbox 1368 1720 1503 1758; x_wconf 89' lang='lat' dir='ltr'><strong>eum</strong></span> <span class='ocrx_word' id='word_1_109' title='bbox 1546 1700 1653 1760; x_wconf 85' lang='lat' dir='ltr'><strong>fert</strong></span> <span class='ocrx_word' id='word_1_110' title='bbox 1696 1702 1977 1762; x_wconf 90' lang='lat' dir='ltr'><strong>laudibus.</strong></span> <span class='ocrx_word' id='word_1_111' title='bbox 2074 1702 2270 1765; x_wconf 80' lang='lat' dir='ltr'><strong>Quem</strong></span> 
     </span>
    </p>

    <p class='ocr_par' dir='ltr' id='par_1_6' title="bbox 356 1797 2361 2258">
     <span class='ocr_line' id='line_1_16' title="bbox 356 1797 2268 1876; baseline -0.001 -19"><span class='ocrx_word' id='word_1_112' title='bbox 356 1800 429 1857; x_wconf 90' lang='lat'><strong>15</strong></span> <span class='ocrx_word' id='word_1_113' title='bbox 468 1817 643 1874; x_wconf 89' lang='lat' dir='ltr'><strong>quum</strong></span> <span class='ocrx_word' id='word_1_114' title='bbox 696 1797 929 1875; x_wconf 89' lang='lat' dir='ltr'><strong>legisset</strong></span> <span class='ocrx_word' id='word_1_115' title='bbox 980 1797 1407 1873; x_wconf 67' lang='lat' dir='ltr'><strong>probassetque,</strong></span> <span class='ocrx_word' id='word_1_116' title='bbox 1450 1798 1587 1855; x_wconf 88' lang='lat' dir='ltr'><strong>dum</strong></span> <span class='ocrx_word' id='word_1_117' title='bbox 1634 1798 1988 1876; x_wconf 88' lang='lat' dir='ltr'><strong>obsignatur,</strong></span> <span class='ocrx_word' id='word_1_118' title='bbox 2032 1800 2268 1857; x_wconf 90' lang='lat' dir='ltr'><strong>alterum</strong></span> 
     </span>
     <span class='ocr_line' id='line_1_17' title="bbox 467 1891 2361 1972; baseline 0 -20"><span class='ocrx_word' id='word_1_119' title='bbox 467 1894 590 1972; x_wconf 91' lang='lat' dir='ltr'><strong>pari</strong></span> <span class='ocrx_word' id='word_1_120' title='bbox 636 1892 1052 1970; x_wconf 88' lang='lat' dir='ltr'><strong>magnitudine,</strong></span> <span class='ocrx_word' id='word_1_121' title='bbox 1098 1892 1260 1950; x_wconf 66' lang='lat' dir='ltr'><strong>tanta</strong></span> <span class='ocrx_word' id='word_1_122' title='bbox 1308 1891 1703 1968; x_wconf 88' lang='lat' dir='ltr'><strong>similitudine,</strong></span> <span class='ocrx_word' id='word_1_123' title='bbox 1753 1907 1817 1953; x_wconf 90' lang='lat' dir='ltr'><strong>ut</strong></span> <span class='ocrx_word' id='word_1_124' title='bbox 1860 1895 2110 1953; x_wconf 88' lang='lat' dir='ltr'><strong>discerni</strong></span> <span class='ocrx_word' id='word_1_125' title='bbox 2153 1915 2268 1954; x_wconf 91' lang='lat' dir='ltr'><strong>non</strong></span> <span class='ocrx_word' id='word_1_126' title='bbox 2351 1952 2361 1965; x_wconf 76' lang='grc'><em>,</em></span> 
     </span>
     <span class='ocr_line' id='line_1_18' title="bbox 466 1987 2269 2071; baseline 0.001 -24"><span class='ocrx_word' id='word_1_127' title='bbox 466 2002 676 2066; x_wconf 91' lang='lat' dir='ltr'><strong>posset,</strong></span> <span class='ocrx_word' id='word_1_128' title='bbox 727 1989 1015 2065; x_wconf 89' lang='lat' dir='ltr'><strong>signatum</strong></span> <span class='ocrx_word' id='word_1_129' title='bbox 1069 1987 1333 2064; x_wconf 88' lang='lat' dir='ltr'><strong>subjecit,</strong></span> <span class='ocrx_word' id='word_1_130' title='bbox 1378 1988 1437 2045; x_wconf 92' lang='lat' dir='ltr'><strong>in</strong></span> <span class='ocrx_word' id='word_1_131' title='bbox 1485 2009 1597 2065; x_wconf 91' lang='lat' dir='ltr'><strong>quo</strong></span> <span class='ocrx_word' id='word_1_132' title='bbox 1662 1991 2089 2071; x_wconf 77' lang='lat' dir='ltr'><strong>accuratissime</strong></span> <span class='ocrx_word' id='word_1_133' title='bbox 2148 1992 2269 2068; x_wconf 88' lang='lat' dir='ltr'><strong>ejus</strong></span> 
     </span>
     <span class='ocr_line' id='line_1_19' title="bbox 469 2082 2269 2160; baseline 0.003 -20"><span class='ocrx_word' id='word_1_134' title='bbox 469 2083 760 2141; x_wconf 83' lang='lat' dir='ltr'><strong>avaritiam</strong></span> <span class='ocrx_word' id='word_1_135' title='bbox 788 2082 1196 2158; x_wconf 89' lang='lat' dir='ltr'><strong>perfidiamque</strong></span> <span class='ocrx_word' id='word_1_136' title='bbox 1239 2083 1556 2143; x_wconf 68' lang='lat' dir='ltr'><strong>accusarat.</strong></span> <span class='ocrx_word' id='word_1_137' title='bbox 1640 2084 1797 2143; x_wconf 88' lang='lat' dir='ltr'><strong>Hinc</strong></span> <span class='ocrx_word' id='word_1_138' title='bbox 1841 2086 2140 2160; x_wconf 88' lang='lat' dir='ltr'><strong>Lysander</strong></span> <span class='ocrx_word' id='word_1_139' title='bbox 2176 2087 2269 2146; x_wconf 91' lang='lat' dir='ltr'><strong>do-</strong></span> 
     </span>
     <span class='ocr_line' id='line_1_20' title="bbox 466 2176 2269 2258; baseline 0.003 -24"><span class='ocrx_word' id='word_1_140' title='bbox 466 2197 622 2235; x_wconf 89' lang='lat' dir='ltr'><strong>mum</strong></span> <span class='ocrx_word' id='word_1_141' title='bbox 650 2179 825 2252; x_wconf 82' lang='lat' dir='ltr'><strong>quum</strong></span> <span class='ocrx_word' id='word_1_142' title='bbox 852 2176 1114 2249; x_wconf 85' lang='lat' dir='ltr'><strong>redisset,</strong></span> <span class='ocrx_word' id='word_1_143' title='bbox 1141 2188 1441 2253; x_wconf 87' lang='lat' dir='ltr'><strong>postquam</strong></span> <span class='ocrx_word' id='word_1_144' title='bbox 1471 2181 1543 2238; x_wconf 93' lang='lat' dir='ltr'><strong>de</strong></span> <span class='ocrx_word' id='word_1_145' title='bbox 1571 2180 1687 2237; x_wconf 92' lang='lat' dir='ltr'><strong>suis</strong></span> <span class='ocrx_word' id='word_1_146' title='bbox 1713 2180 1882 2238; x_wconf 91' lang='lat' dir='ltr'><strong>rebus</strong></span> <span class='ocrx_word' id='word_1_147' title='bbox 1908 2181 2085 2256; x_wconf 88' lang='lat' dir='ltr'><strong>gestis</strong></span> <span class='ocrx_word' id='word_1_148' title='bbox 2116 2183 2269 2258; x_wconf 90' lang='lat' dir='ltr'><strong>apud</strong></span> 
     </span>
    </p>

    <p class='ocr_par' dir='ltr' id='par_1_7' title="bbox 348 2271 2271 2715">
     <span class='ocr_line' id='line_1_21' title="bbox 348 2271 2271 2352; baseline 0.001 -19"><span class='ocrx_word' id='word_1_149' title='bbox 348 2275 428 2333; x_wconf 78' lang='lat'><strong>20</strong></span> <span class='ocrx_word' id='word_1_150' title='bbox 468 2273 778 2330; x_wconf 83' lang='lat' dir='ltr'><strong>maximum</strong></span> <span class='ocrx_word' id='word_1_151' title='bbox 838 2271 1253 2349; x_wconf 90' lang='lat' dir='ltr'><strong>magistratum,</strong></span> <span class='ocrx_word' id='word_1_152' title='bbox 1322 2294 1447 2349; x_wconf 83' lang='lat' dir='ltr'><strong>quae</strong></span> <span class='ocrx_word' id='word_1_153' title='bbox 1514 2275 1791 2352; x_wconf 65' lang='lat' dir='ltr'><strong>voluerat,</strong></span> <span class='ocrx_word' id='word_1_154' title='bbox 1851 2274 2089 2348; x_wconf 89' lang='lat' dir='ltr'><strong>dixerat,</strong></span> <span class='ocrx_word' id='word_1_155' title='bbox 2158 2288 2271 2335; x_wconf 89' lang='lat' dir='ltr'><strong>tes-</strong></span> 
     </span>
     <span class='ocr_line' id='line_1_22' title="bbox 464 2367 2265 2431; baseline 0.001 -2"><span class='ocrx_word' id='word_1_156' title='bbox 464 2367 688 2429; x_wconf 90' lang='lat' dir='ltr'><strong>timonii</strong></span> <span class='ocrx_word' id='word_1_157' title='bbox 740 2368 867 2427; x_wconf 90' lang='lat' dir='ltr'><strong>loco</strong></span> <span class='ocrx_word' id='word_1_158' title='bbox 919 2369 1126 2428; x_wconf 91' lang='lat' dir='ltr'><strong>librum</strong></span> <span class='ocrx_word' id='word_1_159' title='bbox 1198 2389 1233 2427; x_wconf 93' lang='lat' dir='ltr'><strong>a</strong></span> <span class='ocrx_word' id='word_1_160' title='bbox 1305 2370 1682 2430; x_wconf 89' lang='lat' dir='ltr'><strong>Pharnabazo</strong></span> <span class='ocrx_word' id='word_1_161' title='bbox 1749 2372 1943 2428; x_wconf 90' lang='lat' dir='ltr'><strong>datum</strong></span> <span class='ocrx_word' id='word_1_162' title='bbox 2011 2371 2265 2431; x_wconf 88' lang='lat' dir='ltr'><strong>tradidit.</strong></span> 
     </span>
     <span class='ocr_line' id='line_1_23' title="bbox 465 2465 2266 2544; baseline 0.001 -21"><span class='ocrx_word' id='word_1_163' title='bbox 465 2465 663 2539; x_wconf 93' lang='lat' dir='ltr'><strong>Hunc,</strong></span> <span class='ocrx_word' id='word_1_164' title='bbox 693 2465 953 2525; x_wconf 88' lang='lat' dir='ltr'><strong>submoto</strong></span> <span class='ocrx_word' id='word_1_165' title='bbox 979 2465 1296 2544; x_wconf 88' lang='lat' dir='ltr'><strong>Lysandro,</strong></span> <span class='ocrx_word' id='word_1_166' title='bbox 1318 2485 1491 2542; x_wconf 89' lang='lat' dir='ltr'><strong>quum</strong></span> <span class='ocrx_word' id='word_1_167' title='bbox 1522 2466 1737 2543; x_wconf 86' lang='lat' dir='ltr'><strong>Ephori</strong></span> <span class='ocrx_word' id='word_1_168' title='bbox 1764 2465 2129 2544; x_wconf 70' lang='lat' dir='ltr'><strong>cognossent,</strong></span> <span class='ocrx_word' id='word_1_169' title='bbox 2160 2467 2266 2544; x_wconf 92' lang='lat' dir='ltr'><strong>ipsi</strong></span> 
     </span>
     <span class='ocr_line' id='line_1_24' title="bbox 463 2561 2265 2640; baseline 0.002 -22"><span class='ocrx_word' id='word_1_170' title='bbox 463 2562 771 2638; x_wconf 89' lang='lat' dir='ltr'><strong>legendum</strong></span> <span class='ocrx_word' id='word_1_171' title='bbox 795 2562 1087 2621; x_wconf 88' lang='lat' dir='ltr'><strong>dederunt.</strong></span> <span class='ocrx_word' id='word_1_172' title='bbox 1200 2561 1293 2620; x_wconf 92' lang='lat' dir='ltr'><strong>Ita</strong></span> <span class='ocrx_word' id='word_1_173' title='bbox 1321 2563 1416 2620; x_wconf 93' lang='lat' dir='ltr'><strong>ille</strong></span> <span class='ocrx_word' id='word_1_174' title='bbox 1445 2563 1774 2640; x_wconf 89' lang='lat' dir='ltr'><strong>imprudens</strong></span> <span class='ocrx_word' id='word_1_175' title='bbox 1818 2565 1938 2640; x_wconf 91' lang='lat' dir='ltr'><strong>ipse</strong></span> <span class='ocrx_word' id='word_1_176' title='bbox 1981 2583 2119 2623; x_wconf 92' lang='lat' dir='ltr'><strong>suus</strong></span> <span class='ocrx_word' id='word_1_177' title='bbox 2162 2564 2265 2623; x_wconf 92' lang='lat' dir='ltr'><strong>fuit</strong></span> 
     </span>
     <span class='ocr_line' id='line_1_25' title="bbox 466 2668 778 2715; baseline 0 -2"><span class='ocrx_word' id='word_1_178' title='bbox 466 2668 778 2715; x_wconf 90' lang='lat' dir='ltr'><strong>accusator.</strong></span> 
     </span>
    </p>
   </div>
   <div class='ocr_carea' id='block_1_3' title="bbox 901 3127 1813 3189">
    <p class='ocr_par' dir='ltr' id='par_1_8' title="bbox 901 3127 1813 3189">
     <span class='ocr_line' id='line_1_26' title="bbox 901 3127 1813 3189; baseline 0.003 -4"><span class='ocrx_word' id='word_1_179' title='bbox 901 3127 1040 3186; x_wconf 91' lang='lat' dir='ltr'><strong>VII.</strong></span> <span class='ocrx_word' id='word_1_180' title='bbox 1123 3129 1813 3189; x_wconf 89' lang='lat' dir='ltr'><strong>ALCIBIADES.</strong></span> 
     </span>
    </p>
   </div>
   <div class='ocr_carea' id='block_1_4' title="bbox 346 3319 2260 3590">
    <p class='ocr_par' dir='ltr' id='par_1_9' title="bbox 346 3319 2260 3590">
     <span class='ocr_line' id='line_1_27' title="bbox 346 3319 2259 3398; baseline 0.001 -17"><span class='ocrx_word' id='word_1_181' title='bbox 346 3324 424 3383; x_wconf 78' lang='lat'><strong>25</strong></span> <span class='ocrx_word' id='word_1_182' title='bbox 541 3320 587 3382; x_wconf 94' lang='grc' dir='ltr'><strong>Ι.</strong></span> <span class='ocrx_word' id='word_1_183' title='bbox 672 3319 1022 3395; x_wconf 82' lang='lat' dir='ltr'><strong>Alcibiades,</strong></span> <span class='ocrx_word' id='word_1_184' title='bbox 1070 3320 1276 3379; x_wconf 78' lang='lat' dir='ltr'><strong>C&#39;liniae</strong></span> <span class='ocrx_word' id='word_1_185' title='bbox 1297 3322 1490 3398; x_wconf 83' lang='lat' dir='ltr'><strong>filius,</strong></span> <span class='ocrx_word' id='word_1_186' title='bbox 1532 3322 1912 3382; x_wconf 56' lang='lat' dir='ltr'><strong>Atheniensi&amp;</strong></span> <span class='ocrx_word' id='word_1_187' title='bbox 2038 3325 2108 3382; x_wconf 93' lang='lat' dir='ltr'><strong>In</strong></span> <span class='ocrx_word' id='word_1_188' title='bbox 2153 3325 2259 3382; x_wconf 91' lang='lat' dir='ltr'><strong>hoc</strong></span> 
     </span>
     <span class='ocr_line' id='line_1_28' title="bbox 451 3416 2260 3495; baseline -0.001 -17"><span class='ocrx_word' id='word_1_189' title='bbox 451 3431 683 3489; x_wconf 87' lang='lat' dir='ltr'><strong>natura,</strong></span> <span class='ocrx_word' id='word_1_190' title='bbox 721 3416 857 3492; x_wconf 92' lang='lat' dir='ltr'><strong>quid</strong></span> <span class='ocrx_word' id='word_1_191' title='bbox 899 3418 1124 3476; x_wconf 89' lang='lat' dir='ltr'><strong>efficere</strong></span> <span class='ocrx_word' id='word_1_192' title='bbox 1166 3418 1362 3495; x_wconf 88' lang='lat' dir='ltr'><strong>possit,</strong></span> <span class='ocrx_word' id='word_1_193' title='bbox 1408 3418 1630 3477; x_wconf 85' lang='lat' dir='ltr'><strong>videtur</strong></span> <span class='ocrx_word' id='word_1_194' title='bbox 1676 3429 1923 3494; x_wconf 87' lang='lat' dir='ltr'><strong>experta.</strong></span> <span class='ocrx_word' id='word_1_195' title='bbox 2020 3420 2260 3479; x_wconf 86' lang='lat' dir='ltr'><strong>Constat</strong></span> 
     </span>
     <span class='ocr_line' id='line_1_29' title="bbox 461 3512 2256 3590; baseline -0.001 -17"><span class='ocrx_word' id='word_1_196' title='bbox 461 3513 615 3573; x_wconf 83' lang='lat' dir='ltr'><strong>enirn</strong></span> <span class='ocrx_word' id='word_1_197' title='bbox 643 3512 791 3573; x_wconf 90' lang='lat' dir='ltr'><strong>inter</strong></span> <span class='ocrx_word' id='word_1_198' title='bbox 815 3531 1034 3586; x_wconf 88' lang='lat' dir='ltr'><strong>omnes,</strong></span> <span class='ocrx_word' id='word_1_199' title='bbox 1063 3512 1160 3590; x_wconf 92' lang='lat' dir='ltr'><strong>qui</strong></span> <span class='ocrx_word' id='word_1_200' title='bbox 1187 3514 1260 3571; x_wconf 91' lang='lat' dir='ltr'><strong>de</strong></span> <span class='ocrx_word' id='word_1_201' title='bbox 1288 3532 1356 3572; x_wconf 90' lang='lat' dir='ltr'><strong>eo</strong></span> <span class='ocrx_word' id='word_1_202' title='bbox 1383 3515 1669 3573; x_wconf 84' lang='lat' dir='ltr'><strong>memoriae</strong></span> <span class='ocrx_word' id='word_1_203' title='bbox 1696 3512 2089 3590; x_wconf 87' lang='lat' dir='ltr'><strong>prodiderunt,</strong></span> <span class='ocrx_word' id='word_1_204' title='bbox 2113 3514 2256 3574; x_wconf 90' lang='lat' dir='ltr'><strong>nihil</strong></span> 
     </span>
    </p>
   </div>
  </div>
 </body>
</html>
