2492 4207
363 72 672 198 μὴ..
701 149 715 165 .

1014 262 1109 313 DE
1139 262 1463 313 REGIBUS,
2155 254 2233 315 96

360 435 649 482 senectute
689 422 840 480 diem
880 421 1021 486 obiit
1066 440 1423 498 supremum„
1488 420 1636 480 Tres
1681 432 1813 481 sunt
1856 431 2126 497 praeterea

355 518 611 594 ejusdem
638 517 883 596 generis,
904 516 1149 589 XerxeS,
1176 528 1234 574 et
1261 516 1374 585 duo
1400 517 1760 588 Artaxerxes,
1803 514 2126 593 Macrochir

294 667 301 677 .
354 625 413 672 et
439 614 732 672 Mnemon.
809 612 995 671 Xerxi
1020 611 1266 669 maxime
1294 622 1381 671 est
1400 611 1634 684 illustre,
1669 609 1821 686 quod
1866 610 2126 669 maximis

354 721 482 785 post
534 709 826 766 hominum
873 705 1205 767 memoriam
1257 705 1601 764 exercitibus
1671 707 1819 764 terra
1876 705 2169 782 marique

356 804 569 867 bellum
596 802 785 865 intulit
809 801 1064 861 Graeciae.
1147 802 1225 860 At
1253 784 1574 863 Macrochir
1599 799 1938 878 praecipuarn
1957 801 2129 859 habet
2163 799 2204 859 5

357 900 584 956 laudem
637 898 803 975 ampl
790 916 994 965 issimae
1046 864 1546 973 pulcherrimaeque
1598 893 1846 971 corporis
1905 895 2125 964 formae3

359 1012 527 1070 quam
577 981 897 1051 incredibili
949 991 1169 1050 ornavit
1217 991 1420 1050 virtute
1473 989 1622 1063 belli.
1727 988 1986 1064 Namque
2037 989 2131 1048 illo

358 1089 559 1147 Perses
585 1107 753 1148 nemo
780 1087 886 1147 fuit
912 1105 1085 1145 manu
1114 1085 1321 1153 fortior.
1403 1085 1677 1145 Mnemon
1699 1096 1886 1144 autem
1899 1082 2130 1160 justitiae

353 1184 510 1247 fama
538 1183 741 1242 floruit.
826 1182 885 1240 N
891 1202 981 1241 am
1006 1201 1179 1258 quum
1207 1181 1402 1240 matris
1449 1201 1564 1240 suae
1601 1179 1814 1240 scelere
1857 1178 2135 1243 amisisset

362 1298 616 1359 uxorem,
644 1278 870 1339 tantum
892 1279 1125 1366 indulsit
1151 1277 1347 1350 dolori,
1376 1289 1440 1336 ut
1473 1276 1606 1335 eum
1650 1277 1830 1355 pietas
1864 1276 2132 1334 vinceret.
2176 1275 2248 1333 10

362 1373 454 1431 Ex
480 1375 568 1432 his
595 1376 709 1433 duo
734 1358 934 1445 eodem
960 1373 1189 1432 nomine
1224 1360 1421 1432 morbo
1463 1385 1676 1432 naturae
1719 1372 1971 1430 debitum
2012 1371 2136 1428 red-

365 1462 662 1529 diderunt:
704 1468 900 1527 tertius
951 1469 1022 1525 ab
1074 1469 1391 1549 Artabano,
1430 1468 1728 1589 praesecto,
1775 1468 1922 1541 ferro
1966 1465 2135 1524 inter-

364 1572 590 1642 emptus
614 1576 717 1623 est.
1348 1618 1351 1625 ί

440 1660 520 1718 Π.
602 1660 693 1718 Ex
720 1659 1105 1718 Macedonum
1132 1654 1322 1717 autem
1348 1675 1559 1743 genere
1578 1657 1691 1716 duo
1709 1658 1887 1716 multo
1907 1667 2140 1716 caeteros

365 1765 794 1814 antecesserunt
817 1772 1005 1812 rerum
1027 1763 1315 1829 gestarum
1335 1752 1552 1835 glori&
1594 1751 1904 1829 Philippus,
1927 1752 2141 1828 Amyn·
2181 1751 2253 1809 15

365 1863 436 1907 tae
464 1851 633 1922 filius,
661 1861 720 1909 et
746 1834 1072 1905 Alexander
1101 1846 1368 1926 Magnus.
1447 1846 1671 1905 Horum
1693 1845 1832 1906 alter
1853 1847 2141 1922 Babylone

369 1944 563 2002 morbo
605 1953 971 2018 consumptus
1022 1952 1125 2000 est.
1222 1940 1517 2017 Philippus
1563 1941 1728 2018 AEgis
1765 1960 1797 1999 a
1839 1940 2142 2014 Pausania,

367 2057 540 2114 quum
568 2049 882 2115 spectatum
910 2037 1072 2094 ludos
1100 2036 1224 2111 iret,
1253 2037 1417 2114 juxta
1449 2034 1732 2096 theatrum
1770 2037 1994 2097 occisus
2037 2048 2140 2103 est.

367 2134 530 2192 Unus
556 2133 836 2210 EpiroteS,
866 2132 1133 2208 Pyrrhus,
1160 2131 1257 2208 qui
1284 2151 1417 2190 cum
1443 2134 1649 2209 populo
1675 2133 1941 2192 Romano
1965 2133 2136 2191 bella-

367 2229 461 2287 vit.
543 2228 604 2287 Is
630 2247 803 2305 quum
830 2230 1018 2303 Argos
1055 2226 1324 2314 oppidum
1372 2240 1723 2304 oppugnaret
1764 2228 1825 2286 in
1871 2228 2143 2304 Pelopon·
2178 2228 2258 2286 20

368 2344 526 2397 neso,
549 2323 741 2400 lapide
769 2324 916 2381 ictus
944 2321 1173 2400 interiit.
1256 2322 1420 2381 Unus
1461 2324 1595 2381 item
1639 2323 1886 2396 Siculus,
1928 2324 2144 2399 Diony-

372 2421 487 2477 sius
512 2420 679 2500 prior.
762 2417 915 2475 Nam
942 2430 1001 2475 et
1026 2437 1200 2475 manu
1229 2417 1407 2490 fortis,
1435 2429 1492 2475 et
1518 2417 1652 2474 belli
1676 2417 1890 2493 peritus
1916 2417 2039 2489 fuit,
2066 2429 2125 2475 et

373 2515 432 2571 id
458 2516 605 2590 quod
632 2516 691 2576 in
717 2526 959 2590 tyranno
985 2532 1102 2571 non
1128 2512 1299 2572 facile
1342 2511 1635 2588 reperitur,
1682 2509 1916 2570 minime
1962 2510 2145 2568 libidi-

376 2628 565 2681 nosuS,
593 2629 705 2668 non
732 2608 1071 2680 luxuriosuS‚
1100 2628 1215 2668 non
1266 2627 1486 2680 avarus,
1528 2606 1740 2666 nullius
1774 2606 1858 2666 rei
1903 2605 2145 2682 denique

377 2704 633 2778 cupiduS,
662 2704 772 2763 nisi
797 2704 1103 2786 singularis
1127 2702 1495 2779 perpetuique
1522 2701 1762 2779 imperii,
1803 2702 1877 2760 ob
1910 2717 2146 2777 eamque
2181 2702 2261 2760 25

377 2816 499 2855 rem
538 2800 796 2857 crudelis.
829 2865 832 2870 ⁵
880 2799 1032 2857 Nam
1086 2800 1222 2855 dum
1275 2798 1335 2855 id
1387 2797 1601 2878 studuit
1646 2798 1887 2866 munire,
1935 2796 2148 2854 nullius

376 2891 630 2969 pepercit
669 2894 814 2967 vitae,
867 2914 1034 2970 quem
1069 2894 1205 2970 ‚ejus
1257 2892 1642 2952 insidiatorem
1686 2905 1923 2969 putaret.
2032 2891 2148 2958 Hic

377 3007 551 3065 quum
579 2987 779 3072 virtute
832 2989 1190 3064 tyrannidem
1218 2988 1327 3047 sibi
1361 2989 1688 3065 peperisset,
1734 2988 1942 3064 magna
1982 2987 2151 3046 retin-

378 3084 461 3142 uit
488 3082 777 3155 felicitate,
805 3086 1089 3160 majorque
1118 3104 1298 3146 annos
1335 3085 1630 3161 sexaginta
1669 3094 1858 3155 natus,
1904 3084 2152 3144 decessit

379 3179 614 3238 florente
665 3197 861 3255 regno.
935 3170 1167 3256 Neque
1222 3169 1282 3238 in
1333 3193 1450 3239 tam
1488 3180 1693 3238 multis
1741 3178 1907 3237 annis
1965 3180 2150 3257 cujus·
2185 3179 2263 3237 30

379 3294 550 3351 quam
574 3294 646 3332 ex
673 3293 777 3332 sua
804 3274 975 3350 stirpe
1003 3276 1172 3334 funus
1214 3275 1371 3349 vidit,
1414 3295 1585 3372 quum
1628 3293 1706 3333 ex
1746 3274 1925 3334 tribus
1971 3275 2152 3335 uxori-

381 3371 487 3427 bus
514 3371 719 3429 liberos
744 3371 1095 3447 procreasset
1114 3372 1395 3447 multique
1422 3372 1477 3430 ei
1514 3371 1632 3430 nati
1671 3383 1862 3431 essent
1901 3383 2148 3448 nepotes.

460 3465 572 3524 III.
654 3466 914 3528 Fuerunt
936 3479 1208 3543 praeterea
1232 3469 1394 3528 multi
1421 3486 1587 3545 reges
1625 3488 1696 3526 ex
1739 3467 1936 3528 amicis
1966 3465 2153 3524 Alex·
