2492 4207
808 246 1378 296 THEMISTOCLES.
2039 239 2108 295 ll

197 411 673 489 Atheniensium,
689 407 937 486 primum
960 410 1112 486 apud
1130 406 1528 482 Artemisium,
1547 408 1695 467 inter
1712 406 1996 469 Euboeam

195 508 705 583 continentemque
730 518 962 578 terram,
994 523 1128 563 cum
1155 505 1470 564 classiariis
1496 505 1682 582 Regis
1719 505 1994 565 conflixit.

196 604 521 682 Angustias
547 603 703 667 enim
730 602 1160 661 Themistocles
1186 602 1501 677 quaerebat,
1528 621 1602 659 ne
1630 602 1997 662 mullitudine

196 701 618 760 circumiretur.
700 697 820 756 Hic
846 698 957 757 etsi
988 697 1113 774 pari
1138 697 1340 774 proelio
1368 696 1775 772 discesserant,
1803 710 1998 758 tamen

193 799 407 858 eodem
428 796 556 855 loco
577 782 693 855 non
714 805 849 854 sunt
871 793 996 851 ausi
1019 813 1253 852 manere
1278 813 1291 851 z
1332 791 1487 869 quod
1509 803 1634 852 erat
1657 793 1997 869 periculum,
2076 797 2117 855 5
2207 818 2214 823 ‘

195 913 297 967 ne,
328 892 379 951 si
417 911 548 969 pars
575 891 807 951 navium
837 889 1291 949 adversariorum
1328 889 1613 948 Euboeam
1652 890 1997 966 superasset,

198 987 443 1065 ncipiti
469 999 864 1064 premerentur
901 985 1177 1063 periculo·
1259 986 1402 1048 Quo
1441 985 1658 1043 factum
1700 996 1809 1058 est,
1837 997 1900 1044 ut
1928 988 2001 1051 ab
2053 988 2056 989 ⁷

200 1084 518 1144 Artemisio
565 1084 950 1156 discederent,
992 1094 1053 1145 et
1102 1083 1481 1140 exadversum
1534 1084 1802 1142 Athenas
1850 1084 2001 1159 apud

202 1181 502 1240 Salamina
528 1181 773 1239 classem
801 1197 965 1237 suam
994 1179 1429 1238 constituerent.

279 1277 385 1335 IV.
469 1278 561 1345 At
590 1276 840 1348 Xerxes,
883 1273 1291 1352 Thermopylis
1333 1275 1696 1352 expugnatis,
1743 1275 2005 1352 protinus
2046 1277 2119 1336 10

205 1373 451 1433 accessit
480 1385 628 1446 astu,
653 1371 833 1447 idque,
854 1371 1029 1430 nullis
1069 1371 1540 1445 defendentibus,
1568 1371 1889 1432 interfectis
1916 1393 2004 1432 sa-

204 1469 534 1528 cerdotibus
579 1486 720 1545 quos
773 1468 832 1526 in
889 1486 1021 1527 arce
1075 1469 1394 1541 invenerat,
1442 1468 1716 1527 incendio
1771 1470 1999 1529 delevit.

203 1566 388 1643 Cujus
416 1565 570 1624 fama
598 1564 883 1641 perterriti
913 1564 1195 1623 classiarii
1221 1583 1398 1639 quum
1425 1583 1660 1622 manere
1688 1583 1804 1623 non
1834 1567 2007 1623 aude-

203 1674 350 1735 rent,
379 1672 439 1720 et
464 1660 697 1737 plurimi
723 1662 1108 1733 hortarentur,
1137 1672 1202 1718 ut
1229 1660 1429 1718 domos
1457 1679 1591 1719 suas
1619 1659 2004 1734 discederent,

149 1752 153 1755 ’
200 1758 603 1837 'nzoenibusque
622 1776 684 1814 se
707 1756 1118 1825 defenderent3
1161 1755 1591 1815 Themistocles
1606 1776 1758 1814 unus
1778 1757 2006 1831 restitit,
2049 1759 2125 1817 15

200 1868 259 1915 et
279 1855 583 1918 universos
608 1871 777 1926 pares
797 1870 926 1907 esse
953 1869 1123 1925 posse
1151 1851 1361 1922 aiebat,
1385 1851 1671 1926 dispersos
1692 1853 2007 1911 testabatur
2073 1874 2102 1911 η

200 1950 491 2029 perituros
509 1967 528 2033 '3
561 1945 743 2021 ‚idque
771 1944 1112 2021 Eurybiadi,
1140 1945 1267 2022 regi
1295 1945 1887 2019 Lacedaemoniorum,
1914 1948 2012 2024 qui

199 2057 328 2105 tum
372 2060 610 2100 summae
652 2039 879 2118 imperii
919 2050 1185 2117 praeerat,
1228 2040 1347 2099 fore
1392 2040 1729 2099 affirmabat.
1767 2068 1768 2071 ¹
1810 2042 2011 2106 Quem

202 2160 381 2218 quum
409 2136 621 2211 minus,
649 2135 822 2215 quam
848 2138 1040 2210 vellet,
1061 2150 1337 2211 moveret,
1359 2147 1557 2212 noctu,
1585 2138 1659 2196 de
1686 2139 1864 2201 servis
1883 2141 2011 2200 suis

203 2257 375 2314 quem
403 2236 605 2295 habuit
630 2234 1050 2307 fidelissimum,
1080 2235 1153 2291 ad
1182 2234 1412 2310 Regem
1440 2234 1616 2309 misit,
1645 2247 1710 2294 ut
1736 2236 1791 2294 ei
1818 2237 2011 2297 nunti·
2047 2238 2128 2297 20

208 2345 330 2394 aret
357 2335 476 2404 suis
503 2331 712 2405 verbis,
744 2329 1100 2389 adversarios
1131 2330 1259 2405 ejus
1295 2329 1356 2387 in
1401 2331 1540 2407 fuga
1581 2350 1726 2389 esse.
1807 2332 1933 2395 Qui
1960 2333 2011 2392 si

206 2431 627 2501 discessissent,
646 2426 862 2503 majore
885 2444 1022 2483 cum
1042 2425 1238 2484 labore
1259 2436 1319 2483 et
1338 2425 1741 2501 longinquiore
1756 2425 2013 2505 tempore

208 2527 422 2584 bellum
441 2526 863 2594 confecturum,
876 2540 1054 2596 quum
1068 2515 1327 2596 singulos
1344 2520 1668 2580 consectari
1680 2534 1982 2599 cogeretur
1995 2544 2013 2595 ;

205 2641 348 2699 quos
366 2620 417 2678 si
435 2619 629 2678 statim
648 2618 1083 2693 aggrederetur,
1095 2616 1254 2674 brevi
1275 2616 1572 2677 universos
1588 2638 2009 2696 oppressurum.

209 2718 344 2776 Hoc
384 2714 458 2773 eo
500 2716 744 2792 valebat,
787 2725 852 2772 ut
892 2712 1166 2790 ingratiis
1203 2714 1275 2771 ad
1317 2715 1767 2791 depugnandum
1807 2736 2010 2776 omnes
2045 2719 2129 2777 25

208 2822 572 2890 cogerentur.
652 2809 788 2869 Hac
830 2824 894 2868 re
939 2808 1157 2882 audita,
1186 2809 1495 2882 BarbaruS,
1534 2810 1678 2869 nihil
1722 2811 1840 2870 doli
1883 2812 2014 2869 sub-

209 2928 336 2967 esse
384 2906 654 2979 credens,
706 2905 981 2984 postridie
1037 2904 1390 2964 alienissimo
1444 2905 1554 2964 sibi
1606 2907 1755 2979 loce,
1810 2919 2011 2966 contra

212 3001 693 3082 opportunissimo
719 3002 1000 3075 hostibus,
1025 2998 1170 3059 ade&
1201 3013 1448 3077 angusto
1476 3001 1625 3062 mari·
1648 3000 1927 3077 conflixit,
1950 3016 2013 3063 ut

214 3101 336 3177 ejus
362 3098 672 3158 multitudo
707 3097 939 3155 navium
978 3096 1259 3174 explicari
1298 3116 1414 3155 non
1454 3097 1720 3174 potuerit.
1802 3098 2009 3159 Victus

217 3214 350 3272 ergo
400 3207 490 3255 est
554 3193 743 3271 magis
809 3193 1050 3253 consilio
1115 3192 1552 3266 Themistoclis,
1604 3191 1776 3270 quam
1838 3197 2012 3256 armis
2050 3198 2129 3257 3⁰

207 3291 473 3350 Graeciae.
554 3287 565 3298 “
2089 3293 2104 3318 ”

291 3387 364 3446 V.
448 3384 568 3444 Hic
593 3385 704 3444 etsi
724 3383 877 3443 male
900 3401 1021 3442 rem
1042 3396 1319 3461 gesserat,
1336 3397 1531 3444 tamen
1552 3397 1743 3446 tantas
1761 3373 2012 3446 habebat

219 3481 486 3558 reliquias
514 3481 830 3558 copiarum,
862 3490 927 3538 ut
953 3480 1128 3542 etiam
1169 3499 1305 3538 cum
1345 3480 1435 3568 hi’s
1462 3482 1782 3558 opprimere
1820 3494 2011 3560 posset
