2492 4207
137 3205 173 3366 f

2084 258 2161 316 27

261 447 330 487 eo
356 427 528 486 fuisse
570 427 963 499 excellentius,
1011 428 1100 484 vel
1155 426 1215 484 in
1270 426 1419 485 vitiis
1470 429 1556 486 vel
1611 428 1671 486 in
1724 426 2040 487 virtutibus.

256 523 446 582 Natus
475 525 535 581 in
566 523 911 599 amplissima
954 523 1203 596 civitate,
1249 541 1469 580 summo
1515 542 1745 600 genere,
1788 524 2043 583 omnium

252 620 437 677 aetatis
465 637 581 676 suae
624 616 800 677 multo
839 617 1295 691 formosissimus,
1351 618 1422 675 ad
1473 637 1671 676 omnes
1714 639 1805 677 res
1859 629 2041 696 aptus,

253 715 592 789 consiliique
616 715 834 791 plenus.
919 712 1181 789 Namque
1210 713 1514 790 imperator
1554 713 1660 772 fuit
1695 734 1946 773 summus
1986 726 2045 773 et

249 808 399 867 mari
446 821 504 868 et
545 810 724 880 terrz‘i3
779 809 1041 889 disertus,
1095 820 1158 867 ut
1199 808 1476 886 imprimis
1523 808 1770 868 dicendo
1814 812 2041 886 valeret,
2079 812 2120 869 5

248 901 406 981 quod
435 915 592 963 tanta
631 917 752 963 erat
778 904 1211 964 commendatio
1257 907 1371 963 oris
1425 917 1594 981 atque
1639 904 1927 978 orationis,
1980 918 2042 964 ut

248 1018 420 1058 nemo
446 999 500 1057 ei
526 1000 772 1059 dicendo
797 1011 989 1076 posset
1030 999 1291 1058 resistere
1315 1021 1335 1070 ;·
1372 1001 1567 1070 dives3
1608 1019 1784 1076 quum
1821 1011 2043 1077 tempus

244 1106 525 1171 posceret,
554 1095 888 1167 laboriosus,
915 1094 1170 1172 patiens3
1213 1095 1497 1165 liberalis3
1542 1095 1895 1172 splendidus,
1923 1113 2038 1152 non

245 1187 438 1248 mimis
458 1190 517 1247 in
545 1191 659 1249 vita
685 1188 859 1266 quam
896 1190 956 1247 in
982 1190 1173 1260 victu3
1217 1191 1479 1264 affabilis,
1509 1191 1773 1264 blandus,
1823 1202 2038 1266 tempo-

244 1285 402 1342 ribus
428 1283 797 1344 callidissime
827 1285 1155 1343 inserviens.
1235 1286 1422 1360 Idem,
1452 1286 1619 1345 simul
1652 1306 1721 1344 ac
1762 1304 1824 1344 se
1871 1286 2039 1345 remi·
2082 1287 2154 1343 10

243 1391 413 1453 serat,
441 1399 628 1456 neque
657 1399 836 1438 causa
860 1381 1107 1455 suberat,
1135 1401 1310 1457 quare
1339 1382 1516 1439 animi
1550 1383 1803 1441 laborem
1829 1383 2039 1460 perfer-

242 1487 347 1548 ret,
374 1476 718 1549 luxuriosus,
747 1476 1070 1550 dissolutuS,
1118 1474 1479 1551 libidinosuS,
1526 1478 1911 1555 intemperans
1953 1496 2037 1535 re-

239 1571 583 1647 periebatur,
638 1584 703 1630 ut
767 1591 966 1630 omnes
1036 1572 1472 1645 admirarentur,
1527 1572 1588 1630 in
1640 1592 1756 1631 uno
1805 1571 2034 1631 homine

241 1678 457 1726 tantam
507 1668 694 1726 inesse
740 1666 1283 1741 dissimilitudinem,
1336 1679 1565 1742 tamque
1613 1667 1892 1725 diversam
1939 1686 2036 1725 na·

241 1750 459 1833 turani,
950 1832 953 1835 Α
1593 1830 1594 1835 ¹
2080 1764 2153 1820 15

318 1857 400 1916 ΙΙ.
483 1857 782 1914 Educatus
807 1869 896 1915 est
920 1857 982 1914 in
1019 1859 1187 1919 domo
1227 1857 1469 1915 Periclis
1517 1858 1837 1933 (privignus
1882 1858 2036 1915 enim

238 1951 367 2027 ejus
395 1951 569 2008 fuisse
597 1950 855 2028 dicitur),
872 1950 1130 2011 eruditus
1149 1969 1183 2007 a
1204 1951 1459 2011 Socrate.
1543 1952 1819 2009 Socerum
1840 1951 2038 2009 habuit

240 2044 655 2123 Hipponicum,
682 2044 936 2105 omnium
963 2045 1169 2103 Graeca
1194 2046 1394 2124 lingua
1420 2047 1787 2132 ,loquentium
1830 2045 2036 2106 ditissi-

237 2162 396 2201 mum
420 2163 436 2212 3
478 2152 559 2215 ut,
588 2141 636 2199 si
665 2144 784 2217 ipse
811 2141 1028 2218 fingere
1056 2142 1244 2216 vellet,
1268 2162 1454 2219 neque
1481 2144 1645 2220 plura
1685 2144 1834 2202 bona
1869 2142 2033 2201 remi-

239 2238 405 2311 nisci,
434 2256 628 2313 neque.
647 2237 860 2312 majora
883 2248 1076 2314 posset
1096 2238 1390 2314 consequi,
1411 2237 1583 2313 quam
1600 2239 1688 2296 vel
1702 2241 1929 2298 fortuna
1942 2238 2031 2295 vel
2070 2237 2149 2295 20

238 2345 441 2393 natura
493 2332 782 2392 tribuerat.
865 2330 1113 2389 Ineunte
1168 2332 1558 2390 adolescentia
1606 2345 1828 2391 amatus
1873 2345 1963 2392 est
1998 2351 2033 2389 a

238 2429 431 2487 multis
457 2447 612 2487 more
639 2424 1083 2495 Graecorumsin
1110 2423 1196 2480 eis
1223 2442 1259 2479 a
1287 2424 1544 2495 Socrate,
1573 2425 1646 2481 de
1692 2443 1805 2499 quo
1830 2425 2033 2483 menti-

237 2544 405 2583 onem
434 2523 572 2583 facit
612 2521 776 2579 Plato
812 2520 873 2576 in
921 2515 1237 2593 Symposio.
1321 2516 1380 2573 N
1384 2535 1586 2592 amque
1628 2535 1760 2574 eum
1808 2518 2030 2576 induxit
2099 2589 2102 2590 ⁷

237 2611 798 2687 commemorantem,
851 2632 913 2671 se
968 2612 1333 2690 pernoctasse
1381 2631 1514 2670 cum
1563 2613 1817 2687 Socrate,
1846 2633 2030 2691 neque

238 2714 404 2773 aliter
459 2712 530 2769 ab
582 2731 651 2771 eo
696 2709 1025 2782 surrexisse,
1076 2727 1143 2767 ac
1186 2708 1335 2765 filius
1383 2728 1417 2765 a
1461 2721 1694 2784 parente
1749 2710 2024 2770 debuerit.
2066 2713 2143 2771 25

236 2808 615 2883 Posteaquam
665 2805 943 2866 robustior
997 2817 1084 2864 est
1151 2804 1355 2876 factus,
1419 2823 1535 2863 non
1582 2804 1773 2864 mimis
1819 2806 2026 2864 multos

238 2904 488 2973 amavit3
531 2903 590 2960 in
636 2922 873 2978 quorum
916 2921 1125 2975 amore,
1178 2900 1363 2975 quoad
1416 2900 1637 2960 licitum
1684 2913 1790 2972 est,
1831 2901 2028 2960 odiosa

240 3003 417 3060 multa
462 2996 706 3056 delicate
749 2997 1058 3073 jocoseque
1094 2996 1286 3065 *fecit3
1327 3014 1452 3070 quae
1504 2997 1863 3068 referremus,
1913 2997 2023 3055 nisi

239 3097 454 3172 majora
476 3093 805 3171 potioraque
826 3094 1183 3151 haberemus.

315 3191 430 3249 III.
511 3190 673 3249 Bello
699 3188 1111 3265 Peloponnesio
1153 3186 1323 3263 hujus
1344 3188 1582 3246 consilio
1611 3198 1775 3262 atque
1804 3201 2023 3248 auctor·
2060 3191 2138 3249 30

241 3289 374 3348 itate
428 3286 814 3346 Athenienses
855 3285 1064 3342 bellum
1114 3284 1489 3359 Syracusanis
1534 3282 1859 3343 indixerunt
1882 3305 1916 3343 ε·
1950 3287 2020 3342 ad

240 3384 387 3461 quod
410 3383 722 3459 gerendum
761 3380 880 3457 ipse
927 3382 1040 3437 dux
1088 3380 1344 3437 delectus
1390 3390 1493 3436 est.
1577 3378 1708 3437 Duo
1747 3392 2020 3456 praeterea

243 3479 473 3555 collegae
500 3477 635 3551 dati,
665 3476 867 3535 Nicias
894 3485 952 3534 et
978 3475 1334 3535 Lamachus.⁴
1399 3474 1469 3531 Id
1511 3493 1684 3549 quum
1728 3494 2017 3551 apparare-
