<?xml version="1.0" encoding="UTF-8"?>
<!DOCTYPE html PUBLIC "-//W3C//DTD XHTML 1.0 Transitional//EN"
    "http://www.w3.org/TR/xhtml1/DTD/xhtml1-transitional.dtd">
<html xmlns="http://www.w3.org/1999/xhtml" xml:lang="en" lang="en">
 <head>
  <title>
</title>
<meta http-equiv="Content-Type" content="text/html;charset=utf-8" />
  <meta name='ocr-system' content='tesseract 3.04.00' />
  <meta name='ocr-capabilities' content='ocr_page ocr_carea ocr_par ocr_line ocrx_word'/>
</head>
<body>
  <div class='ocr_page' id='page_1' title='image "./devitaexcellent00haywgoog_0100.png"; bbox 0 0 2492 4207; ppageno 0'>
   <div class='ocr_carea' id='block_1_1' title="bbox 292 252 1461 310">
    <p class='ocr_par' dir='ltr' id='par_1_1' title="bbox 292 252 1461 310">
     <span class='ocr_line' id='line_1_1' title="bbox 292 252 1461 310; baseline -0.003 0"><span class='ocrx_word' id='word_1_1' title='bbox 292 252 371 310; x_wconf 87' lang='grc'><strong>90</strong></span> <span class='ocrx_word' id='word_1_2' title='bbox 905 278 910 283; x_wconf 76' lang='grc'>’</span> <span class='ocrx_word' id='word_1_3' title='bbox 1134 256 1461 308; x_wconf 83' lang='lat' dir='ltr'><strong>PHOCION.</strong></span> 
     </span>
    </p>
   </div>
   <div class='ocr_carea' id='block_1_2' title="bbox 321 417 2193 1069">
    <p class='ocr_par' dir='ltr' id='par_1_2' title="bbox 321 417 2193 1069">
     <span class='ocr_line' id='line_1_2' title="bbox 406 417 2193 496; baseline -0.001 -19"><span class='ocrx_word' id='word_1_4' title='bbox 406 420 576 479; x_wconf 62' lang='lat' dir='ltr'><strong>donia</strong></span> <span class='ocrx_word' id='word_1_5' title='bbox 595 420 790 496; x_wconf 86' lang='lat' dir='ltr'><strong>pulsus</strong></span> <span class='ocrx_word' id='word_1_6' title='bbox 812 430 914 477; x_wconf 90' lang='lat' dir='ltr'><strong>est.</strong></span> <span class='ocrx_word' id='word_1_7' title='bbox 996 417 1135 480; x_wconf 78' lang='lat' dir='ltr'><strong>Quo</strong></span> <span class='ocrx_word' id='word_1_8' title='bbox 1157 419 1309 476; x_wconf 86' lang='lat' dir='ltr'><strong>facto</strong></span> <span class='ocrx_word' id='word_1_9' title='bbox 1326 419 1566 494; x_wconf 84' lang='lat' dir='ltr'><strong>populus</strong></span> <span class='ocrx_word' id='word_1_10' title='bbox 1582 418 1830 493; x_wconf 83' lang='lat' dir='ltr'>superior</span> <span class='ocrx_word' id='word_1_11' title='bbox 1848 417 2054 490; x_wconf 79' lang='lat' dir='ltr'><strong>factuS,</strong></span> <span class='ocrx_word' id='word_1_12' title='bbox 2076 430 2193 476; x_wconf 88' lang='lat' dir='ltr'><strong>sta-</strong></span> 
     </span>
     <span class='ocr_line' id='line_1_3' title="bbox 402 512 2192 591; baseline -0.003 -16"><span class='ocrx_word' id='word_1_13' title='bbox 402 517 502 575; x_wconf 90' lang='lat' dir='ltr'><strong>tim</strong></span> <span class='ocrx_word' id='word_1_14' title='bbox 528 516 705 573; x_wconf 89' lang='lat' dir='ltr'><strong>duces</strong></span> <span class='ocrx_word' id='word_1_15' title='bbox 733 513 1066 572; x_wconf 60' lang='lat' dir='ltr'><strong>adversaria}</strong></span> <span class='ocrx_word' id='word_1_16' title='bbox 1089 513 1372 584; x_wconf 78' lang='lat' dir='ltr'><strong>factioniS,</strong></span> <span class='ocrx_word' id='word_1_17' title='bbox 1400 512 1601 588; x_wconf 88' lang='lat' dir='ltr'><strong>capitis</strong></span> <span class='ocrx_word' id='word_1_18' title='bbox 1639 513 1953 591; x_wconf 89' lang='lat' dir='ltr'><strong>damnatos,</strong></span> <span class='ocrx_word' id='word_1_19' title='bbox 2002 512 2192 589; x_wconf 63' lang='lat' dir='ltr'><strong>patria</strong></span> 
     </span>
     <span class='ocr_line' id='line_1_4' title="bbox 397 606 2187 686; baseline -0.002 -19"><span class='ocrx_word' id='word_1_20' title='bbox 397 610 613 686; x_wconf 75' lang='lat' dir='ltr'>pepulit</span> <span class='ocrx_word' id='word_1_21' title='bbox 636 611 751 681; x_wconf 20' lang='lat' dir='ltr'><strong>;,in</strong></span> <span class='ocrx_word' id='word_1_22' title='bbox 778 611 867 667; x_wconf 89' lang='lat' dir='ltr'><strong>his</strong></span> <span class='ocrx_word' id='word_1_23' title='bbox 915 608 1261 667; x_wconf 80' lang='lat' dir='ltr'>Phocionem</span> <span class='ocrx_word' id='word_1_24' title='bbox 1308 620 1366 666; x_wconf 91' lang='lat' dir='ltr'><strong>et</strong></span> <span class='ocrx_word' id='word_1_25' title='bbox 1412 606 1763 665; x_wconf 85' lang='lat' dir='ltr'><strong>Demetrium</strong></span> <span class='ocrx_word' id='word_1_26' title='bbox 1812 606 2150 685; x_wconf 86' lang='lat' dir='ltr'><strong>Phalereum</strong></span> <span class='ocrx_word' id='word_1_27' title='bbox 2173 628 2187 664; x_wconf 91' lang='lat'>:</span> 
     </span>
     <span class='ocr_line' id='line_1_5' title="bbox 399 702 2186 785; baseline -0.001 -23"><span class='ocrx_word' id='word_1_28' title='bbox 399 706 580 781; x_wconf 84' lang='lat' dir='ltr'><strong>deque</strong></span> <span class='ocrx_word' id='word_1_29' title='bbox 607 706 678 762; x_wconf 64' lang='lat' dir='ltr'><strong>ea</strong></span> <span class='ocrx_word' id='word_1_30' title='bbox 704 721 766 763; x_wconf 88' lang='lat' dir='ltr'><strong>re</strong></span> <span class='ocrx_word' id='word_1_31' title='bbox 787 707 1003 782; x_wconf 86' lang='lat' dir='ltr'><strong>legatos</strong></span> <span class='ocrx_word' id='word_1_32' title='bbox 1026 705 1108 761; x_wconf 85' lang='lat' dir='ltr'><strong>ad·</strong></span> <span class='ocrx_word' id='word_1_33' title='bbox 1125 703 1662 779; x_wconf 88' lang='lat' dir='ltr'><strong>Polysperchontem</strong></span> <span class='ocrx_word' id='word_1_34' title='bbox 1689 702 1861 775; x_wconf 84' lang='lat' dir='ltr'><strong>misit,</strong></span> <span class='ocrx_word' id='word_1_35' title='bbox 1882 703 1981 777; x_wconf 86' lang='lat' dir='ltr'><strong>qui</strong></span> <span class='ocrx_word' id='word_1_36' title='bbox 2017 703 2087 759; x_wconf 90' lang='lat' dir='ltr'><strong>ab</strong></span> <span class='ocrx_word' id='word_1_37' title='bbox 2104 721 2186 785; x_wconf 90' lang='lat' dir='ltr'><strong>eo</strong></span> 
     </span>
     <span class='ocr_line' id='line_1_6' title="bbox 321 785 2187 876; baseline 0 -19"><span class='ocrx_word' id='word_1_38' title='bbox 321 802 361 857; x_wconf 85' lang='lat'><strong><em>5</em></strong></span> <span class='ocrx_word' id='word_1_39' title='bbox 395 785 672 876; x_wconf 75' lang='lat' dir='ltr'><strong>peterent,</strong></span> <span class='ocrx_word' id='word_1_40' title='bbox 700 812 762 858; x_wconf 94' lang='lat' dir='ltr'><strong>ut</strong></span> <span class='ocrx_word' id='word_1_41' title='bbox 790 820 893 858; x_wconf 86' lang='lat' dir='ltr'><strong>sua</strong></span> <span class='ocrx_word' id='word_1_42' title='bbox 929 801 1158 857; x_wconf 86' lang='lat' dir='ltr'><strong>decreta</strong></span> <span class='ocrx_word' id='word_1_43' title='bbox 1190 799 1565 856; x_wconf 87' lang='lat' dir='ltr'><strong>confirmaret.</strong></span> <span class='ocrx_word' id='word_1_44' title='bbox 1649 797 1784 855; x_wconf 91' lang='lat' dir='ltr'><strong>Huc</strong></span> <span class='ocrx_word' id='word_1_45' title='bbox 1810 794 2017 854; x_wconf 75' lang='lat' dir='ltr'><strong>eodem</strong></span> <span class='ocrx_word' id='word_1_46' title='bbox 2060 818 2187 874; x_wconf 90' lang='lat' dir='ltr'><strong>pro·</strong></span> 
     </span>
     <span class='ocr_line' id='line_1_7' title="bbox 398 892 2185 970; baseline -0.002 -17"><span class='ocrx_word' id='word_1_47' title='bbox 398 897 581 954; x_wconf 82' lang='lat' dir='ltr'><strong>fectus</strong></span> <span class='ocrx_word' id='word_1_48' title='bbox 606 908 693 954; x_wconf 88' lang='lat' dir='ltr'><strong>est</strong></span> <span class='ocrx_word' id='word_1_49' title='bbox 719 895 988 956; x_wconf 85' lang='lat' dir='ltr'><strong>Phocion.</strong></span> <span class='ocrx_word' id='word_1_50' title='bbox 1071 892 1210 956; x_wconf 72' lang='lat' dir='ltr'><strong>Quo</strong></span> <span class='ocrx_word' id='word_1_51' title='bbox 1238 906 1302 952; x_wconf 90' lang='lat' dir='ltr'><strong>ut</strong></span> <span class='ocrx_word' id='word_1_52' title='bbox 1328 894 1500 966; x_wconf 87' lang='lat' dir='ltr'><strong>venit,</strong></span> <span class='ocrx_word' id='word_1_53' title='bbox 1524 912 1757 951; x_wconf 88' lang='lat' dir='ltr'><strong>causam</strong></span> <span class='ocrx_word' id='word_1_54' title='bbox 1797 892 1947 969; x_wconf 85' lang='lat' dir='ltr'><strong>apud</strong></span> <span class='ocrx_word' id='word_1_55' title='bbox 1973 892 2185 970; x_wconf 85' lang='lat' dir='ltr'><strong>Philip-</strong></span> 
     </span>
     <span class='ocr_line' id='line_1_8' title="bbox 395 983 2186 1069; baseline -0.001 -21"><span class='ocrx_word' id='word_1_56' title='bbox 395 1010 530 1067; x_wconf 88' lang='lat' dir='ltr'><strong>pum</strong></span> <span class='ocrx_word' id='word_1_57' title='bbox 556 1012 749 1069; x_wconf 86' lang='lat' dir='ltr'><strong>regem</strong></span> <span class='ocrx_word' id='word_1_58' title='bbox 777 993 963 1064; x_wconf 92' lang='lat' dir='ltr'><strong>verbo,</strong></span> <span class='ocrx_word' id='word_1_59' title='bbox 1014 1010 1072 1048; x_wconf 93' lang='lat' dir='ltr'><strong>re</strong></span> <span class='ocrx_word' id='word_1_60' title='bbox 1086 989 1212 1066; x_wconf 65' lang='lat' dir='ltr'><strong>ipsa</strong></span> <span class='ocrx_word' id='word_1_61' title='bbox 1223 983 1460 1065; x_wconf 84' lang='lat' dir='ltr'><strong>quidem</strong></span> <span class='ocrx_word' id='word_1_62' title='bbox 1482 990 1630 1066; x_wconf 82' lang='lat' dir='ltr'><strong>apud</strong></span> <span class='ocrx_word' id='word_1_63' title='bbox 1647 988 2186 1064; x_wconf 88' lang='lat' dir='ltr'><strong>Polysperchontem</strong></span> 
     </span>
    </p>
   </div>
   <div class='ocr_carea' id='block_1_3' title="bbox 392 1084 2237 1171">
    <p class='ocr_par' dir='ltr' id='par_1_3' title="bbox 392 1084 2237 1171">
     <span class='ocr_line' id='line_1_9' title="bbox 392 1084 2237 1171; baseline -0.001 -28"><span class='ocrx_word' id='word_1_64' title='bbox 392 1086 582 1162; x_wconf 83' lang='lat' dir='ltr'><strong>jussus</strong></span> <span class='ocrx_word' id='word_1_65' title='bbox 603 1100 688 1157; x_wconf 80' lang='lat' dir='ltr'><strong>est</strong></span> <span class='ocrx_word' id='word_1_66' title='bbox 708 1086 913 1165; x_wconf 75' lang='lat' dir='ltr'><strong>dicere.</strong></span> <span class='ocrx_word' id='word_1_67' title='bbox 998 1086 1261 1161; x_wconf 81' lang='lat' dir='ltr'><strong>Namque</strong></span> <span class='ocrx_word' id='word_1_68' title='bbox 1288 1085 1338 1142; x_wconf 87' lang='lat' dir='ltr'><strong>is</strong></span> <span class='ocrx_word' id='word_1_69' title='bbox 1364 1097 1483 1143; x_wconf 92' lang='lat' dir='ltr'><strong>tum</strong></span> <span class='ocrx_word' id='word_1_70' title='bbox 1507 1085 1658 1162; x_wconf 87' lang='lat' dir='ltr'><strong>regis</strong></span> <span class='ocrx_word' id='word_1_71' title='bbox 1680 1084 1683 1087; x_wconf 76' lang='grc'><strong>’</strong></span> <span class='ocrx_word' id='word_1_72' title='bbox 1704 1085 1874 1143; x_wconf 90' lang='lat' dir='ltr'><strong>rebus</strong></span> <span class='ocrx_word' id='word_1_73' title='bbox 1919 1097 2175 1160; x_wconf 83' lang='lat' dir='ltr'><strong>praeerat.</strong></span> <span class='ocrx_word' id='word_1_74' title='bbox 2228 1152 2237 1171; x_wconf 37' lang='grc'>1</span> 
     </span>
    </p>
   </div>
   <div class='ocr_carea' id='block_1_4' title="bbox 269 1179 2187 2400">
    <p class='ocr_par' dir='ltr' id='par_1_4' title="bbox 269 1179 2187 2400">
     <span class='ocr_line' id='line_1_10' title="bbox 396 1179 2177 1257; baseline -0.001 -19"><span class='ocrx_word' id='word_1_75' title='bbox 396 1181 513 1255; x_wconf 84' lang='lat' dir='ltr'><strong>Hic</strong></span> <span class='ocrx_word' id='word_1_76' title='bbox 566 1181 636 1239; x_wconf 80' lang='lat' dir='ltr'><strong>ab</strong></span> <span class='ocrx_word' id='word_1_77' title='bbox 684 1182 989 1257; x_wconf 86' lang='lat' dir='ltr'><strong>Agnonide</strong></span> <span class='ocrx_word' id='word_1_78' title='bbox 1044 1191 1362 1255; x_wconf 78' lang='lat' dir='ltr'><strong>accusatuS,</strong></span> <span class='ocrx_word' id='word_1_79' title='bbox 1417 1179 1564 1256; x_wconf 69' lang='lat' dir='ltr'><strong>quod</strong></span> <span class='ocrx_word' id='word_1_80' title='bbox 1617 1179 1860 1238; x_wconf 84' lang='lat' dir='ltr'><strong>Piraeum</strong></span> <span class='ocrx_word' id='word_1_81' title='bbox 1902 1179 2177 1251; x_wconf 73' lang='lat' dir='ltr'><strong>Nicanori</strong></span> 
     </span>
     <span class='ocr_line' id='line_1_11' title="bbox 287 1260 2180 1353; baseline 0.002 -22"><span class='ocrx_word' id='word_1_82' title='bbox 287 1275 747 1352; x_wconf 73' lang='lat' dir='ltr'><strong>loprodidisset,</strong></span> <span class='ocrx_word' id='word_1_83' title='bbox 789 1294 861 1333; x_wconf 78' lang='lat' dir='ltr'><strong>ex</strong></span> <span class='ocrx_word' id='word_1_84' title='bbox 900 1275 1124 1332; x_wconf 67' lang='lat' dir='ltr'><strong>consini</strong></span> <span class='ocrx_word' id='word_1_85' title='bbox 1164 1276 1468 1349; x_wconf 64' lang='lat' dir='ltr'><strong>sententia,</strong></span> <span class='ocrx_word' id='word_1_86' title='bbox 1510 1260 1570 1333; x_wconf 68' lang='lat' dir='ltr'><strong>in</strong></span> <span class='ocrx_word' id='word_1_87' title='bbox 1611 1275 1926 1334; x_wconf 69' lang='lat' dir='ltr'><strong>custodiam</strong></span> <span class='ocrx_word' id='word_1_88' title='bbox 1954 1277 2180 1353; x_wconf 67' lang='lat' dir='ltr'><strong>conjec-</strong></span> 
     </span>
     <span class='ocr_line' id='line_1_12' title="bbox 393 1362 2180 1447; baseline 0.001 -19"><span class='ocrx_word' id='word_1_89' title='bbox 393 1383 501 1442; x_wconf 87' lang='lat' dir='ltr'><strong>tus,</strong></span> <span class='ocrx_word' id='word_1_90' title='bbox 532 1362 791 1439; x_wconf 85' lang='lat' dir='ltr'><strong>Athenas</strong></span> <span class='ocrx_word' id='word_1_91' title='bbox 828 1372 1106 1428; x_wconf 88' lang='lat' dir='ltr'><strong>deductus</strong></span> <span class='ocrx_word' id='word_1_92' title='bbox 1148 1382 1253 1443; x_wconf 88' lang='lat' dir='ltr'><strong>est,</strong></span> <span class='ocrx_word' id='word_1_93' title='bbox 1292 1383 1354 1429; x_wconf 91' lang='lat' dir='ltr'><strong>ut</strong></span> <span class='ocrx_word' id='word_1_94' title='bbox 1401 1371 1482 1428; x_wconf 88' lang='lat' dir='ltr'><strong>ibi</strong></span> <span class='ocrx_word' id='word_1_95' title='bbox 1530 1373 1601 1429; x_wconf 91' lang='lat' dir='ltr'><strong>de</strong></span> <span class='ocrx_word' id='word_1_96' title='bbox 1643 1391 1711 1430; x_wconf 92' lang='lat' dir='ltr'><strong>eo</strong></span> <span class='ocrx_word' id='word_1_97' title='bbox 1752 1371 1974 1447; x_wconf 87' lang='lat' dir='ltr'><strong>legibus</strong></span> <span class='ocrx_word' id='word_1_98' title='bbox 2020 1372 2180 1430; x_wconf 90' lang='lat' dir='ltr'><strong>fieret</strong></span> 
     </span>
     <span class='ocr_line' id='line_1_13' title="bbox 386 1466 1681 1549; baseline 0.004 -28"><span class='ocrx_word' id='word_1_99' title='bbox 386 1466 711 1541; x_wconf 42' lang='lat' dir='ltr'><strong>judiciums</strong></span> <span class='ocrx_word' id='word_1_100' title='bbox 1144 1543 1148 1549; x_wconf 69' lang='lat'><em>,</em></span> <span class='ocrx_word' id='word_1_101' title='bbox 1243 1485 1246 1526; x_wconf 81' lang='lat' dir='ltr'>j</span> <span class='ocrx_word' id='word_1_102' title='bbox 1678 1522 1681 1525; x_wconf 17' lang='grc' dir='ltr'><strong>Α</strong></span> 
     </span>
     <span class='ocr_line' id='line_1_14' title="bbox 467 1554 2175 1640; baseline 0.001 -22"><span class='ocrx_word' id='word_1_103' title='bbox 467 1561 570 1619; x_wconf 91' lang='lat' dir='ltr'><strong>IV.</strong></span> <span class='ocrx_word' id='word_1_104' title='bbox 654 1563 790 1621; x_wconf 93' lang='lat' dir='ltr'><strong>Huc</strong></span> <span class='ocrx_word' id='word_1_105' title='bbox 816 1563 914 1620; x_wconf 92' lang='lat' dir='ltr'><strong>ubi</strong></span> <span class='ocrx_word' id='word_1_106' title='bbox 943 1569 1276 1640; x_wconf 86' lang='lat' dir='ltr'><strong>perventum</strong></span> <span class='ocrx_word' id='word_1_107' title='bbox 1303 1575 1408 1637; x_wconf 90' lang='lat' dir='ltr'><strong>est,</strong></span> <span class='ocrx_word' id='word_1_108' title='bbox 1457 1583 1630 1640; x_wconf 91' lang='lat' dir='ltr'><strong>quum</strong></span> <span class='ocrx_word' id='word_1_109' title='bbox 1676 1554 1901 1640; x_wconf 87' lang='lat' dir='ltr'><strong>propter</strong></span> <span class='ocrx_word' id='word_1_110' title='bbox 1948 1575 2175 1622; x_wconf 84' lang='lat' dir='ltr'><strong>aetatem</strong></span> 
     </span>
     <span class='ocr_line' id='line_1_15' title="bbox 388 1650 2177 1736; baseline 0.002 -24"><span class='ocrx_word' id='word_1_111' title='bbox 388 1656 630 1731; x_wconf 89' lang='lat' dir='ltr'><strong>pedibus</strong></span> <span class='ocrx_word' id='word_1_112' title='bbox 646 1658 764 1733; x_wconf 87' lang='lat' dir='ltr'><strong>jam</strong></span> <span class='ocrx_word' id='word_1_113' title='bbox 791 1657 906 1716; x_wconf 83' lang='lat' dir='ltr'><strong>non</strong></span> <span class='ocrx_word' id='word_1_114' title='bbox 934 1650 1164 1731; x_wconf 80' lang='lat' dir='ltr'><strong>valeret,</strong></span> <span class='ocrx_word' id='word_1_115' title='bbox 1194 1659 1566 1734; x_wconf 82' lang='lat' dir='ltr'><strong>vehiculoque</strong></span> <span class='ocrx_word' id='word_1_116' title='bbox 1604 1670 1937 1736; x_wconf 87' lang='lat' dir='ltr'><strong>portaretur,</strong></span> <span class='ocrx_word' id='word_1_117' title='bbox 1984 1659 2177 1736; x_wconf 81' lang='lat' dir='ltr'><strong>magni</strong></span> 
     </span>
     <span class='ocr_line' id='line_1_16' title="bbox 280 1753 2178 1829; baseline 0.002 -22"><span class='ocrx_word' id='word_1_118' title='bbox 280 1753 351 1807; x_wconf 85' lang='lat'><strong>15</strong></span> <span class='ocrx_word' id='word_1_119' title='bbox 389 1771 701 1810; x_wconf 83' lang='lat' dir='ltr'><strong>concursus</strong></span> <span class='ocrx_word' id='word_1_120' title='bbox 728 1766 861 1811; x_wconf 89' lang='lat' dir='ltr'><strong>sunt</strong></span> <span class='ocrx_word' id='word_1_121' title='bbox 878 1753 1012 1812; x_wconf 89' lang='lat' dir='ltr'><strong>sacti</strong></span> <span class='ocrx_word' id='word_1_122' title='bbox 1036 1775 1049 1823; x_wconf 92' lang='lat'>;</span> <span class='ocrx_word' id='word_1_123' title='bbox 1092 1773 1265 1829; x_wconf 87' lang='lat' dir='ltr'><strong>quum</strong></span> <span class='ocrx_word' id='word_1_124' title='bbox 1287 1754 1402 1827; x_wconf 87' lang='lat' dir='ltr'><strong>alii,</strong></span> <span class='ocrx_word' id='word_1_125' title='bbox 1426 1753 1858 1812; x_wconf 83' lang='lat' dir='ltr'><strong>reminiscentes</strong></span> <span class='ocrx_word' id='word_1_126' title='bbox 1877 1753 2081 1812; x_wconf 83' lang='lat' dir='ltr'><strong>veteris</strong></span> <span class='ocrx_word' id='word_1_127' title='bbox 2099 1754 2178 1811; x_wconf 86' lang='lat' dir='ltr'><strong>fa-</strong></span> 
     </span>
     <span class='ocr_line' id='line_1_17' title="bbox 389 1848 2172 1926; baseline 0.001 -22"><span class='ocrx_word' id='word_1_128' title='bbox 389 1867 516 1921; x_wconf 85' lang='lat' dir='ltr'><strong>mae,</strong></span> <span class='ocrx_word' id='word_1_129' title='bbox 548 1849 729 1907; x_wconf 87' lang='lat' dir='ltr'><strong>aetatis</strong></span> <span class='ocrx_word' id='word_1_130' title='bbox 757 1849 1190 1920; x_wconf 82' lang='lat' dir='ltr'><strong>misererentur3</strong></span> <span class='ocrx_word' id='word_1_131' title='bbox 1231 1850 1461 1926; x_wconf 82' lang='lat' dir='ltr'><strong>plurimi</strong></span> <span class='ocrx_word' id='word_1_132' title='bbox 1488 1848 1620 1921; x_wconf 75' lang='lat' dir='ltr'><strong>vero</strong></span> <span class='ocrx_word' id='word_1_133' title='bbox 1640 1849 1723 1906; x_wconf 71' lang='lat' dir='ltr'><strong>ira</strong></span> <span class='ocrx_word' id='word_1_134' title='bbox 1743 1860 2172 1914; x_wconf 87' lang='lat' dir='ltr'><strong>exacuerentur,</strong></span> 
     </span>
     <span class='ocr_line' id='line_1_18' title="bbox 386 1942 2174 2021; baseline 0 -21"><span class='ocrx_word' id='word_1_135' title='bbox 386 1957 611 2020; x_wconf 90' lang='lat' dir='ltr'><strong>propter</strong></span> <span class='ocrx_word' id='word_1_136' title='bbox 637 1945 969 2021; x_wconf 87' lang='lat' dir='ltr'><strong>proditionis</strong></span> <span class='ocrx_word' id='word_1_137' title='bbox 996 1946 1379 2021; x_wconf 86' lang='lat' dir='ltr'><strong>suspicionem</strong></span> <span class='ocrx_word' id='word_1_138' title='bbox 1407 1945 1593 2018; x_wconf 79' lang='lat' dir='ltr'><strong>Piraei,</strong></span> <span class='ocrx_word' id='word_1_139' title='bbox 1642 1943 1998 2019; x_wconf 73' lang='lat' dir='ltr'><strong>maximeque</strong></span> <span class='ocrx_word' id='word_1_140' title='bbox 2024 1942 2174 2019; x_wconf 71' lang='lat' dir='ltr'><strong>quod</strong></span> 
     </span>
     <span class='ocr_line' id='line_1_19' title="bbox 373 2039 2174 2118; baseline 0.001 -24"><span class='ocrx_word' id='word_1_141' title='bbox 373 2039 655 2099; x_wconf 70' lang='lat' dir='ltr'><strong>,adversus</strong></span> <span class='ocrx_word' id='word_1_142' title='bbox 680 2041 873 2117; x_wconf 88' lang='lat' dir='ltr'><strong>populi</strong></span> <span class='ocrx_word' id='word_1_143' title='bbox 915 2041 1213 2097; x_wconf 90' lang='lat' dir='ltr'><strong>commoda</strong></span> <span class='ocrx_word' id='word_1_144' title='bbox 1267 2041 1326 2097; x_wconf 91' lang='lat' dir='ltr'><strong>in</strong></span> <span class='ocrx_word' id='word_1_145' title='bbox 1369 2042 1664 2118; x_wconf 87' lang='lat' dir='ltr'><strong>senectute</strong></span> <span class='ocrx_word' id='word_1_146' title='bbox 1706 2050 1952 2098; x_wconf 90' lang='lat' dir='ltr'><strong>steterat.</strong></span> <span class='ocrx_word' id='word_1_147' title='bbox 2036 2039 2174 2102; x_wconf 61' lang='lat' dir='ltr'><strong>Qua</strong></span> 
     </span>
     <span class='ocr_line' id='line_1_20' title="bbox 387 2134 2175 2210; baseline 0.002 -21"><span class='ocrx_word' id='word_1_148' title='bbox 387 2135 458 2189; x_wconf 89' lang='lat' dir='ltr'><strong>de</strong></span> <span class='ocrx_word' id='word_1_149' title='bbox 504 2153 565 2190; x_wconf 90' lang='lat' dir='ltr'><strong>re</strong></span> <span class='ocrx_word' id='word_1_150' title='bbox 608 2154 681 2190; x_wconf 89' lang='lat' dir='ltr'><strong>ne</strong></span> <span class='ocrx_word' id='word_1_151' title='bbox 726 2136 1031 2209; x_wconf 87' lang='lat' dir='ltr'><strong>perorandi</strong></span> <span class='ocrx_word' id='word_1_152' title='bbox 1077 2134 1306 2209; x_wconf 91' lang='lat' dir='ltr'><strong>quidem</strong></span> <span class='ocrx_word' id='word_1_153' title='bbox 1338 2135 1404 2210; x_wconf 88' lang='lat' dir='ltr'><strong>ei</strong></span> <span class='ocrx_word' id='word_1_154' title='bbox 1442 2136 1572 2198; x_wconf 83' lang='lat' dir='ltr'><strong>data</strong></span> <span class='ocrx_word' id='word_1_155' title='bbox 1611 2148 1697 2194; x_wconf 89' lang='lat' dir='ltr'><strong>est</strong></span> <span class='ocrx_word' id='word_1_156' title='bbox 1725 2136 1981 2208; x_wconf 82' lang='lat' dir='ltr'><strong>facultas,</strong></span> <span class='ocrx_word' id='word_1_157' title='bbox 2011 2148 2069 2194; x_wconf 89' lang='lat' dir='ltr'><strong>et</strong></span> <span class='ocrx_word' id='word_1_158' title='bbox 2095 2137 2175 2192; x_wconf 91' lang='lat' dir='ltr'><strong>di-</strong></span> 
     </span>
     <span class='ocr_line' id='line_1_21' title="bbox 269 2213 2187 2305; baseline 0.003 -22"><span class='ocrx_word' id='word_1_159' title='bbox 269 2213 347 2283; x_wconf 68' lang='lat'><strong>20</strong></span> <span class='ocrx_word' id='word_1_160' title='bbox 385 2228 554 2283; x_wconf 89' lang='lat' dir='ltr'><strong>cendi</strong></span> <span class='ocrx_word' id='word_1_161' title='bbox 581 2246 829 2284; x_wconf 87' lang='lat' dir='ltr'><strong>causam.</strong></span> <span class='ocrx_word' id='word_1_162' title='bbox 914 2227 1058 2284; x_wconf 91' lang='lat' dir='ltr'><strong>Inde</strong></span> <span class='ocrx_word' id='word_1_163' title='bbox 1082 2227 1322 2303; x_wconf 90' lang='lat' dir='ltr'><strong>judicio,</strong></span> <span class='ocrx_word' id='word_1_164' title='bbox 1364 2230 1634 2305; x_wconf 87' lang='lat' dir='ltr'><strong>legitimis</strong></span> <span class='ocrx_word' id='word_1_165' title='bbox 1661 2230 1996 2305; x_wconf 87' lang='lat' dir='ltr'><strong>quibusdam</strong></span> <span class='ocrx_word' id='word_1_166' title='bbox 2042 2250 2187 2289; x_wconf 88' lang='lat' dir='ltr'><strong>con-·</strong></span> 
     </span>
     <span class='ocr_line' id='line_1_22' title="bbox 384 2321 2173 2400; baseline 0.002 -22"><span class='ocrx_word' id='word_1_167' title='bbox 384 2321 566 2393; x_wconf 88' lang='lat' dir='ltr'><strong>fectis,</strong></span> <span class='ocrx_word' id='word_1_168' title='bbox 597 2322 917 2395; x_wconf 85' lang='lat' dir='ltr'><strong>damnatus,</strong></span> <span class='ocrx_word' id='word_1_169' title='bbox 965 2322 1206 2400; x_wconf 85' lang='lat' dir='ltr'><strong>traditus</strong></span> <span class='ocrx_word' id='word_1_170' title='bbox 1245 2334 1332 2382; x_wconf 90' lang='lat' dir='ltr'><strong>est</strong></span> <span class='ocrx_word' id='word_1_171' title='bbox 1378 2325 1803 2396; x_wconf 76' lang='lat' dir='ltr'><strong>undecimviriS,</strong></span> <span class='ocrx_word' id='word_1_172' title='bbox 1851 2325 2056 2399; x_wconf 86' lang='lat' dir='ltr'><strong>quibus</strong></span> <span class='ocrx_word' id='word_1_173' title='bbox 2102 2328 2173 2382; x_wconf 90' lang='lat' dir='ltr'><strong>ad</strong></span> 
     </span>
    </p>
   </div>
   <div class='ocr_carea' id='block_1_5' title="bbox 382 2409 2265 2496">
    <p class='ocr_par' dir='ltr' id='par_1_5' title="bbox 382 2409 2265 2496">
     <span class='ocr_line' id='line_1_23' title="bbox 382 2409 2265 2496; baseline 0.001 -21"><span class='ocrx_word' id='word_1_174' title='bbox 382 2417 743 2493; x_wconf 89' lang='lat' dir='ltr'><strong>supplicium,</strong></span> <span class='ocrx_word' id='word_1_175' title='bbox 771 2417 926 2489; x_wconf 82' lang='lat' dir='ltr'><strong>more</strong></span> <span class='ocrx_word' id='word_1_176' title='bbox 955 2409 1419 2492; x_wconf 83' lang='lat' dir='ltr'><strong>Atheniensium,</strong></span> <span class='ocrx_word' id='word_1_177' title='bbox 1447 2418 1677 2496; x_wconf 73' lang='lat' dir='ltr'><strong>publice</strong></span> <span class='ocrx_word' id='word_1_178' title='bbox 1718 2411 1974 2477; x_wconf 53' lang='lat' dir='ltr'><strong>&#39;damnati</strong></span> <span class='ocrx_word' id='word_1_179' title='bbox 2023 2422 2172 2478; x_wconf 88' lang='lat' dir='ltr'><strong>tradi</strong></span> <span class='ocrx_word' id='word_1_180' title='bbox 2264 2485 2265 2488; x_wconf 8' lang='grc' dir='ltr'><strong>Ἴ</strong></span> 
     </span>
    </p>
   </div>
   <div class='ocr_carea' id='block_1_6' title="bbox 265 2512 2170 3162">
    <p class='ocr_par' dir='ltr' id='par_1_6' title="bbox 383 2512 2170 2685">
     <span class='ocr_line' id='line_1_24' title="bbox 383 2512 2170 2591; baseline 0.002 -21"><span class='ocrx_word' id='word_1_181' title='bbox 383 2513 580 2571; x_wconf 89' lang='lat' dir='ltr'><strong>solent.</strong></span> <span class='ocrx_word' id='word_1_182' title='bbox 662 2513 782 2591; x_wconf 86' lang='lat' dir='ltr'><strong>Hic</strong></span> <span class='ocrx_word' id='word_1_183' title='bbox 808 2530 981 2584; x_wconf 92' lang='lat' dir='ltr'><strong>quum</strong></span> <span class='ocrx_word' id='word_1_184' title='bbox 1009 2512 1080 2566; x_wconf 89' lang='lat' dir='ltr'><strong>ad</strong></span> <span class='ocrx_word' id='word_1_185' title='bbox 1108 2526 1346 2568; x_wconf 88' lang='lat' dir='ltr'><strong>mortem</strong></span> <span class='ocrx_word' id='word_1_186' title='bbox 1376 2513 1700 2583; x_wconf 87' lang='lat' dir='ltr'><strong>duceretur,</strong></span> <span class='ocrx_word' id='word_1_187' title='bbox 1742 2512 1943 2570; x_wconf 89' lang='lat' dir='ltr'><strong>obvius</strong></span> <span class='ocrx_word' id='word_1_188' title='bbox 1969 2513 2024 2571; x_wconf 92' lang='lat' dir='ltr'><strong>ei</strong></span> <span class='ocrx_word' id='word_1_189' title='bbox 2067 2514 2170 2573; x_wconf 88' lang='lat' dir='ltr'><strong>fuit</strong></span> 
     </span>
     <span class='ocr_line' id='line_1_25' title="bbox 383 2604 2166 2685; baseline 0.004 -23"><span class='ocrx_word' id='word_1_190' title='bbox 383 2605 773 2680; x_wconf 79' lang='lat' dir='ltr'><strong>EmphyletuS‚</strong></span> <span class='ocrx_word' id='word_1_191' title='bbox 811 2615 928 2679; x_wconf 71' lang='lat' dir='ltr'><strong>&#39;quo</strong></span> <span class='ocrx_word' id='word_1_192' title='bbox 984 2604 1334 2662; x_wconf 87' lang='lat' dir='ltr'><strong>familiariter</strong></span> <span class='ocrx_word' id='word_1_193' title='bbox 1388 2607 1570 2663; x_wconf 87' lang='lat' dir='ltr'><strong>fuerat</strong></span> <span class='ocrx_word' id='word_1_194' title='bbox 1620 2626 1769 2663; x_wconf 79' lang='lat' dir='ltr'><strong>usus,</strong></span> <span class='ocrx_word' id='word_1_195' title='bbox 1875 2608 1935 2665; x_wconf 90' lang='lat' dir='ltr'><strong>Is</strong></span> <span class='ocrx_word' id='word_1_196' title='bbox 1995 2629 2166 2685; x_wconf 89' lang='lat' dir='ltr'><strong>quum</strong></span> 
     </span>
    </p>

    <p class='ocr_par' dir='ltr' id='par_1_7' title="bbox 265 2697 2165 3162">
     <span class='ocr_line' id='line_1_26' title="bbox 265 2697 2165 2778; baseline 0.003 -20"><span class='ocrx_word' id='word_1_197' title='bbox 265 2698 344 2758; x_wconf 76' lang='grc'><strong>25</strong></span> <span class='ocrx_word' id='word_1_198' title='bbox 381 2699 685 2757; x_wconf 87' lang='lat' dir='ltr'><strong>lacrimans</strong></span> <span class='ocrx_word' id='word_1_199' title='bbox 712 2698 964 2770; x_wconf 87' lang='lat' dir='ltr'><strong>dixisset,</strong></span> <span class='ocrx_word' id='word_1_200' title='bbox 1004 2698 1061 2754; x_wconf 91' lang='grc' dir='ltr'><em>Ο</em></span> <span class='ocrx_word' id='word_1_201' title='bbox 1088 2697 1254 2776; x_wconf 57' lang='lat' dir='ltr'><strong>qudam</strong></span> <span class='ocrx_word' id='word_1_202' title='bbox 1275 2700 1520 2773; x_wconf 78' lang='lat' dir='ltr'><strong>indigna</strong></span> <span class='ocrx_word' id='word_1_203' title='bbox 1524 2704 1838 2778; x_wconf 78' lang='lat' dir='ltr'><strong>perpeteris</strong></span> <span class='ocrx_word' id='word_1_204' title='bbox 1857 2704 2121 2764; x_wconf 74' lang='lat' dir='ltr'><strong>Phocion</strong></span> <span class='ocrx_word' id='word_1_205' title='bbox 2142 2707 2165 2763; x_wconf 73' lang='lat' dir='ltr'><em>J</em></span> 
     </span>
     <span class='ocr_line' id='line_1_27' title="bbox 382 2793 2164 2871; baseline 0.004 -18"><span class='ocrx_word' id='word_1_206' title='bbox 382 2795 518 2853; x_wconf 89' lang='lat' dir='ltr'><strong>huic</strong></span> <span class='ocrx_word' id='word_1_207' title='bbox 557 2795 671 2867; x_wconf 78' lang='lat' dir='ltr'><strong>ille,</strong></span> <span class='ocrx_word' id='word_1_208' title='bbox 699 2793 787 2849; x_wconf 84' lang='lat' dir='ltr'><strong>At</strong></span> <span class='ocrx_word' id='word_1_209' title='bbox 832 2813 941 2850; x_wconf 79' lang='lat' dir='ltr'><strong>non</strong></span> <span class='ocrx_word' id='word_1_210' title='bbox 980 2794 1297 2869; x_wconf 79' lang='lat' dir='ltr'><strong>inopinata,</strong></span> <span class='ocrx_word' id='word_1_211' title='bbox 1340 2796 1553 2871; x_wconf 83' lang='lat' dir='ltr'><strong>inquit3</strong></span> <span class='ocrx_word' id='word_1_212' title='bbox 1596 2797 1739 2855; x_wconf 75' lang='lat' dir='ltr'><strong>hunc</strong></span> <span class='ocrx_word' id='word_1_213' title='bbox 1778 2800 1921 2857; x_wconf 82' lang='lat' dir='ltr'><strong>enim</strong></span> <span class='ocrx_word' id='word_1_214' title='bbox 1965 2803 2164 2859; x_wconf 73' lang='lat' dir='ltr'><strong>exitum</strong></span> 
     </span>
     <span class='ocr_line' id='line_1_28' title="bbox 370 2888 2160 2967; baseline 0.004 -20"><span class='ocrx_word' id='word_1_215' title='bbox 370 2891 627 2967; x_wconf 81' lang='lat' dir='ltr'><strong>plerique</strong></span> <span class='ocrx_word' id='word_1_216' title='bbox 655 2888 801 2946; x_wconf 84' lang='lat' dir='ltr'><strong>clari</strong></span> <span class='ocrx_word' id='word_1_217' title='bbox 825 2889 941 2945; x_wconf 82' lang='lat' dir='ltr'><strong>viri</strong></span> <span class='ocrx_word' id='word_1_218' title='bbox 967 2888 1279 2951; x_wconf 73' lang='lat' dir='ltr'><strong>habuerunt</strong></span> <span class='ocrx_word' id='word_1_219' title='bbox 1304 2890 1686 2959; x_wconf 77' lang='lat' dir='ltr'><strong>Athenienses.</strong></span> <span class='ocrx_word' id='word_1_220' title='bbox 1736 2939 1739 2942; x_wconf 77' lang='grc'><em>.</em></span> <span class='ocrx_word' id='word_1_221' title='bbox 1770 2894 1842 2952; x_wconf 92' lang='lat' dir='ltr'><strong>In</strong></span> <span class='ocrx_word' id='word_1_222' title='bbox 1891 2897 1997 2956; x_wconf 91' lang='lat' dir='ltr'><strong>hoc</strong></span> <span class='ocrx_word' id='word_1_223' title='bbox 2039 2910 2160 2955; x_wconf 87' lang='lat' dir='ltr'><strong>tan-</strong></span> 
     </span>
     <span class='ocr_line' id='line_1_29' title="bbox 363 2983 2160 3060; baseline 0.004 -18"><span class='ocrx_word' id='word_1_224' title='bbox 363 2997 501 3060; x_wconf 86' lang='lat' dir='ltr'><strong>tum</strong></span> <span class='ocrx_word' id='word_1_225' title='bbox 555 2985 660 3043; x_wconf 87' lang='lat' dir='ltr'><strong>fuit</strong></span> <span class='ocrx_word' id='word_1_226' title='bbox 706 2983 900 3042; x_wconf 83' lang='lat' dir='ltr'><strong>odium</strong></span> <span class='ocrx_word' id='word_1_227' title='bbox 953 2984 1352 3059; x_wconf 89' lang='lat' dir='ltr'><strong>multitudinis,</strong></span> <span class='ocrx_word' id='word_1_228' title='bbox 1401 2998 1463 3044; x_wconf 87' lang='lat' dir='ltr'><strong>ut</strong></span> <span class='ocrx_word' id='word_1_229' title='bbox 1505 3005 1673 3046; x_wconf 91' lang='lat' dir='ltr'><strong>nemo</strong></span> <span class='ocrx_word' id='word_1_230' title='bbox 1721 3008 1893 3049; x_wconf 87' lang='lat' dir='ltr'><strong>ausus</strong></span> <span class='ocrx_word' id='word_1_231' title='bbox 1932 2992 2003 3050; x_wconf 91' lang='lat' dir='ltr'><strong>sit</strong></span> <span class='ocrx_word' id='word_1_232' title='bbox 2027 3011 2160 3050; x_wconf 90' lang='lat' dir='ltr'><strong>eum</strong></span> 
     </span>
     <span class='ocr_line' id='line_1_30' title="bbox 382 3079 1754 3162; baseline 0.004 -26"><span class='ocrx_word' id='word_1_233' title='bbox 382 3081 522 3138; x_wconf 91' lang='lat' dir='ltr'><strong>liber</strong></span> <span class='ocrx_word' id='word_1_234' title='bbox 539 3081 803 3157; x_wconf 86' lang='lat' dir='ltr'><strong>sepelire.</strong></span> <span class='ocrx_word' id='word_1_235' title='bbox 885 3079 1084 3154; x_wconf 85' lang='lat' dir='ltr'><strong>Itaque</strong></span> <span class='ocrx_word' id='word_1_236' title='bbox 1112 3100 1147 3138; x_wconf 90' lang='lat' dir='ltr'><strong>a</strong></span> <span class='ocrx_word' id='word_1_237' title='bbox 1172 3082 1348 3140; x_wconf 89' lang='lat' dir='ltr'><strong>servis</strong></span> <span class='ocrx_word' id='word_1_238' title='bbox 1375 3084 1628 3158; x_wconf 89' lang='lat' dir='ltr'><strong>sepultus</strong></span> <span class='ocrx_word' id='word_1_239' title='bbox 1655 3096 1754 3162; x_wconf 86' lang='lat' dir='ltr'><strong>est.</strong></span> 
     </span>
    </p>
   </div>
  </div>
 </body>
</html>
