2492 4207
295 243 373 300 46
1213 249 1403 298 DION.

403 413 523 493 pisi
563 412 738 469 alicui
763 430 985 468 suorum
1024 411 1309 485 negotium
1335 409 1517 483 daret,
1555 413 1655 486 qui
1693 428 1749 468 se
1780 411 2073 469 simularet
2109 412 2211 470 illi

407 509 704 566 inimicum.
794 507 974 576 Quem
1001 509 1054 564 si
1085 507 1388 564 invenisset
1426 505 1698 580 idoneum,
1724 505 1920 581 facile
1960 507 2206 564 omnium

407 604 619 661 animos
674 605 1046 678 cogniturum,
1103 603 1569 678 adversariosque
1620 601 1991 675 sublaturum,
2048 601 2208 679 qudd

403 700 620 756 inimici
646 698 761 774 ejus
780 695 1091 756 'dissidenti
1116 717 1243 755 suos
1274 717 1463 755 sensus
1492 698 1751 775 aperturi
1761 697 1984 773 forent.
2055 698 2198 756 Tali

324 796 364 851 5
402 794 640 853 consilio
665 795 900 872 probato
926 794 1139 870 excipit
1165 795 1269 851 has
1295 805 1485 869 partes
1517 793 1637 870 ipse
1667 794 2023 868 Callicrate5‚
2051 806 2110 854 et
2136 814 2202 853 se

403 903 581 950 ar'mat
631 891 1016 968 imprudentia
1068 890 1289 949 Dionis.
1403 891 1499 951 Ad
1551 910 1684 948 eum
1738 891 2204 949 interficiendum

401 987 584 1045 socios
623 987 936 1063 conquirit3
981 985 1329 1045 adversarios
1368 986 1493 1063 ejus
1532 987 1819 1059 convenit,
1857 987 2204 1063 conjuratio-

400 1102 531 1139 nem
572 1076 882 1142 confirmat.
978 1082 1121 1154 Res,
1163 1080 1355 1141 multis
1409 1082 1655 1141 consciis
1708 1102 1832 1158 quae
1885 1094 2198 1159 gereretur,

400 1179 549 1236 elata
586 1179 836 1235 defertur
877 1178 947 1234 ad
997 1176 1461 1252 Aristomachen,
1504 1198 1753 1237 sororem
1793 1178 2017 1251 Dionis,
2060 1197 2199 1238 uxo-

291 1274 360 1331 10
399 1293 629 1348 remque
684 1273 919 1330 Areten.
1027 1273 1149 1331 111ae
1202 1273 1404 1332 timore
1457 1275 1768 1351 perterritae
1822 1275 2197 1349 conveniunt,

266 1412 272 1415 .
358 1367 563 1443 ⁴-cujus
588 1368 660 1424 de
700 1367 954 1442 periculo
993 1368 1287 1426 timebant.
1371 1369 1452 1426 At
1491 1369 1586 1427 ille
1627 1383 1801 1447 negat
1828 1389 1862 1427 a
1887 1370 2200 1430 Callicrate

287 1459 290 1462 ’
398 1461 520 1519 fieri
548 1461 656 1518 sibi
679 1462 935 1536 insidiaS,
959 1465 1061 1521 sed
1088 1464 1201 1538 illa,
1230 1483 1354 1540 quae
1398 1477 1720 1540 agerentur,
1750 1466 1873 1523 fieri
1910 1480 2199 1544 praecepto

318 1620 322 1626 ,
399 1577 516 1616 suo.
599 1556 875 1617 Mulieres
914 1560 1095 1618 nihilo
1135 1559 1324 1619 secius
1365 1559 1730 1618 Callicratem
1759 1561 1820 1618 in
1848 1563 2027 1619 aedem
2056 1562 2193 1620 Pro-

398 1653 636 1731 serpinae
664 1656 976 1729 deducunt,
1006 1675 1073 1714 ac
1090 1657 1283 1732 jurare
1312 1667 1543 1732 cogunt,
1568 1656 1724 1714 nihil
1740 1652 1931 1715 abillo
1942 1658 2197 1733 periculi

286 1749 358 1806 15
396 1749 537 1826 fore
565 1751 769 1808 Dioni.
868 1751 974 1810 Ille
1015 1752 1126 1823 hac
1166 1753 1442 1830 religione
1483 1773 1599 1811 non
1639 1751 1809 1812 modo
1852 1754 1925 1811 ab
1964 1752 2196 1829 incepto

395 1866 511 1906 non
566 1847 886 1922 deterritae,
941 1850 1042 1907 sed
1096 1851 1167 1907 ad
1229 1851 1632 1909 maturandum
1699 1834 2020 1910 concitatus
2083 1861 2191 1921 est,

1234 1948 1546 2024 aperiretur
1574 1968 1761 2021 suum,
1790 1945 1959 2029 quam
1987 1930 2230 2004 conata⁶

1217 2154 1307 2192 mo
1331 2135 1424 2191 die
1454 2138 1615 2206 festo,
1639 2153 1813 2208 quum
1844 2154 1877 2191 a
1904 2149 2192 2195 conventu

1217 2239 1439 2299 ·.eneret,
1470 2233 1637 2301 atq'ue
1665 2228 1724 2284 in
1753 2229 2013 2286 conclavi
2034 2232 2192 2289 edito

1217 2322 1515 2379 munitiora
1533 2320 1727 2397 oppidi
1747 2323 1937 2395 tradit,
1956 2324 2191 2382 domum

1217 2436 1309 2475 ms
1349 2417 1447 2492 qui
1486 2414 1601 2476 non
1642 2418 1961 2493 discedant,
2005 2432 2191 2479 certos

392 2516 665 2595 praeficit3
707 2534 910 2573 navem
950 2514 1238 2573 triremem
1268 2514 1497 2573 armatis
1522 2526 1707 2588 ornat,
1735 2516 2190 2593 Philostratoque

395 2612 524 2673 fatri
564 2614 667 2670 su'o
704 2611 894 2684 tradit,
937 2609 1176 2687 eamque
1215 2611 1277 2668 in
1321 2612 1493 2688 portu
1540 2611 1740 2688 agitari
1789 2612 1971 2687 jubet,
2026 2626 2089 2672 ut
2141 2614 2189 2671 si

277 2708 356 2765 25
393 2726 659 2765 exercere
712 2706 956 2783 remiges
1008 2708 1219 2782 vellet:
1287 2706 1566 2783 cogitanS,
1622 2706 1670 2764 si
1723 2706 1866 2766 forte
1936 2707 2188 2768 consiliis

394 2803 702 2863 obstitisset
743 2804 986 2875 fortuna,
1016 2814 1079 2860 ut
1115 2803 1368 2873 haberet,
1398 2800 1511 2876 qud
1538 2805 1774 2886 'fugeret
1816 2804 1885 2859 ad
1928 2805 2184 2863 salutem.

397 2902 640 2960 Suorum
669 2911 858 2958 autem
884 2920 917 2957 e
945 2918 1181 2957 numero
1223 2898 1579 2973 Zacynthios
1608 2897 1999 2958 adolescentes
2025 2920 2185 2975 quos-

393 2997 525 3052 dam
564 2996 741 3072 eligit,
783 3014 957 3072 quum
998 2994 1428 3068 audacissimOS,
1469 3005 1590 3051 tum
1632 2992 1845 3052 viribus
1892 2993 2180 3061 maximis·;

311 3105 315 3110 ·
397 3090 594 3163 hisque
634 3092 730 3150 dat
769 3091 1080 3169 negotium,
1111 3092 1182 3148 ad
1224 3090 1471 3147 Dionem
1511 3100 1645 3147 eant
1672 3088 1937 3161 inermes,
1974 3089 2058 3145 sic
2087 3088 2181 3147 uti

283 3182 360 3241 30
398 3185 773 3244 conveniendi
801 3189 924 3265 ejus
962 3186 1146 3263 gratia
1174 3187 1501 3243 viderentur
1541 3185 1752 3246 venire.
1835 3184 1915 3242 Hi
1954 3197 2181 3261 propter

398 3276 656 3336 notitiam
684 3295 815 3341 sunt
841 3282 1163 3341 intromissi.
1229 3283 1311 3339 At
1331 3279 1431 3352 illi,
1454 3292 1518 3338 ut
1537 3280 1711 3338 limen
1734 3280 1855 3355 ejus
1878 3279 2181 3354 intrarunt,

401 3372 613 3430 foribus
633 3375 903 3437 obseratis
927 3378 986 3436 in
1007 3380 1157 3436 lecto
1178 3378 1486 3434 cubantem
1509 3376 1800 3433 invadunt.
1856 3373 2178 3452 Colligant;

402 3465 463 3524 fit
501 3468 783 3546 strepituS,
825 3474 968 3532 adeo
989 3485 1072 3545 ,ut
1110 3472 1369 3531 exaudiri
1407 3484 1596 3547 posset
1636 3468 1783 3529 foris.
1866 3468 2004 3544 Hic,
2034 3472 2181 3528 sicut

307 3772 463 3878 ,Ἣ
