2492 4207
952 225 1365 276 AGESILAUS.
1779 247 1786 253 ·
2090 214 2165 271 73

269 397 381 456 est3
423 404 493 444 eo
527 384 683 443 enim
724 403 858 441 usus
897 395 984 442 est
1025 383 1480 442 familiarissime.
1561 386 1678 444 Hic
1704 383 1950 462 primum
1978 386 2049 442 de

267 499 440 556 regno
468 499 602 538 cum
632 478 1000 554 Leotychide,
1024 477 1210 537 fratris
1238 479 1373 551 filio,
1398 479 1593 537 habuit
1608 467 2047 540 contentionem.

267 572 395 633 Mos
439 585 527 632 est
568 573 720 651 enim
764 593 797 630 a
838 573 1145 649 majoribus
1192 573 1643 631 Lacedaemoniis
1687 576 1944 649 traditus,
1990 587 2054 632 ut

264 669 410 728 ,duos
436 670 712 726 haberent
738 688 959 744 semper
991 688 1172 745 regeS,
1201 667 1433 745 nomine
1461 669 1644 744 magis
1669 669 1837 745 quam
1879 673 2053 748 impe-

256 760 374 836 rio,
401 782 474 820 ex
500 764 720 820 duabus
747 763 976 820 familiis
1007 762 1194 821 Procli
1233 775 1310 822 et,
1332 763 1728 839 EurystheniS,
1769 765 1864 840 qui
1902 768 2053 843 prin·
2091 769 2131 825 5

270 858 429 933 cipes
455 877 526 915 ex
551 844 818 934 progenie
851 858 1120 916 Herculis
1149 860 1365 935 Spartae
1388 844 1570 935 'reges
1611 861 1854 919 suerunt.
1936 863 2054 920 Ha-

270 971 396 1010 rum
422 973 494 1011 ex
527 955 700 1012 altera
729 955 788 1016 in
817 954 1048 1013 alterius
1075 954 1301 1012 familiae
1324 957 1512 1014 locum
1538 955 1661 1013 fieri
1688 975 1805 1014 non
1831 956 2051 1015 licebat.

269 1047 470 1123 Itaque
498 1060 730 1125 utraque
760 1069 926 1106 suum
954 1049 1234 1108 retinebat
1265 1051 1539 1108 ordinem.
1619 1050 1876 1108 Primum
1915 1053 2057 1110 ratio

268 1144 600 1217 habebatur,
616 1144 714 1219 qui
734 1145 1015 1200 maximus
1031 1155 1169 1202 natu
1186 1158 1336 1203 esset
1352 1165 1424 1203 ex
1439 1145 1631 1203 liberis
1647 1147 1792 1223 ejuS,
1814 1146 1911 1221 qui
1938 1166 2058 1223 reg-

268 1244 415 1296 nans
455 1232 809 1297 decessisset.
895 1238 1000 1296 Sin
1027 1239 1082 1296 is·
1101 1239 1318 1298 virilem
1347 1261 1544 1298 sexum
1572 1261 1688 1300 non
1720 1242 2058 1318 reliquisset,
2103 1244 2175 1300 10

268 1344 389 1390 tum
404 1334 788 1410 deligebatur,
809 1334 905 1409 qui
920 1335 1208 1410 proximus
1228 1349 1381 1399 esset
1400 1337 1833 1413 propinquitate.
1907 1332 2060 1396 Mor-

269 1441 400 1487 tuus
440 1441 563 1487 erat
591 1412 738 1506 Agis
777 1450 892 1503 rex,
936 1432 1108 1492 frater*
1146 1432 1452 1507 Agesilai„
1505 1431 1716 1489 Filium
1755 1434 2059 1509 reliquerat

269 1512 700 1600 Leotychidem,
743 1545 908 1600 quem
950 1526 1044 1584 ille
1084 1538 1284 1587 natum
1325 1545 1442 1584 non
1484 1525 1757 1602 agnorat:
1812 1528 2060 1585 eundem

269 1621 518 1679 moriens
555 1640 721 1678 suum
759 1641 884 1693 esse
926 1622 1162 1678 dixerat.
1261 1619 1322 1677 Is
1361 1620 1434 1677 de
1475 1621 1686 1679 honore
1726 1621 1890 1697 regni
1929 1641 2060 1679 cum

270 1716 544 1792 Agesilao
574 1724 677 1774 suo
715 1728 918 1791 patruo
958 1713 1291 1772 contendit:
1334 1733 1520 1789 neque
1548 1715 1627 1786 id,
1656 1715 1805 1789 quod
1843 1716 2060 1790 petivit,
2107 1718 2179 1775 15

270 1823 615 1871 consecutus
642 1822 744 1866 est.
827 1808 983 1864 Nam
1010 1804 1306 1881 Lysandro
1331 1809 1697 1884 suffragante,
1725 1809 1975 1881 homine,
2003 1823 2066 1867 ut

271 1905 625 1964 ostendimus
665 1901 854 1978 supra,
898 1901 1154 1973 factioso,
1195 1912 1254 1958 et
1293 1901 1381 1958 his
1421 1901 1766 1976 temporibus
1816 1915 2064 1979 potente,

275 1999 584 2079 Agesilaiis
613 1999 893 2056 antelatus
919 2008 1022 2055 est.
2135 1988 2172 2032 Ψ
2184 1993 2218 2025 *¹

355 2094 435 2153 II.
519 2093 636 2152 Hic
658 2093 823 2152 simul
847 2107 1011 2170 atque
1041 2093 1263 2170 imperii
1288 2094 1500 2176 potitus
1527 2106 1631 2168 est,
1653 2095 1932 2171 persuasit
1959 2095 2066 2152 Ira-

275 2185 658 2263 cedziemoniis,
688 2202 751 2248 ut
789 2191 1100 2249 exercitum
1128 2190 1453 2249 emitterent
1492 2191 1551 2247 in
1582 2190 1800 2264 Asiam,
1830 2174 2065 2248 bellum·
2104 2191 2182 2248 20

198 2311 201 2312 ⁷
275 2309 383 2365 que
424 2288 580 2365 Regi
620 2289 904 2357 facerent3
945 2288 1181 2359 docens,
1209 2287 1389 2344 satius
1427 2305 1552 2344 esse
1594 2275 1653 2344 in
1694 2281 1858 2359 Asia,
1895 2285 2066 2362 quam

276 2371 336 2441 in
364 2382 914 2458 Europa‚dimicari.
977 2380 1242 2454 Namque
1265 2382 1418 2459 fama
1437 2380 1671 2452 exierat,
1694 2381 2068 2438 Artaxerxem

198 2507 205 2517 ·
277 2497 604 2554 comparare
639 2478 869 2549 classes,
897 2476 1298 2552 pedestresque
1331 2475 1634 2546 exercitus,
1662 2495 1802 2550 quos
1827 2476 1888 2533 in
1916 2476 2070 2534 Grae-

209 2637 217 2644 ,
278 2573 428 2631 ciam
455 2573 716 2631 mitteret.
800 2572 952 2630 Data
978 2581 1273 2647 potestate,
1303 2571 1462 2629 tanta
1488 2570 1776 2629 celeritate
1798 2591 1934 2629 usus
1960 2584 2067 2644 est,

279 2678 343 2725 ut
379 2666 538 2744 prius
578 2668 637 2724 in
666 2668 866 2726 Asiam
907 2687 1040 2724 cum
1081 2666 1259 2741 copiis
1298 2667 1636 2742 pervenerit,
1679 2668 1849 2742 quam
1892 2663 2067 2744 Regii
2106 2670 2183 2725 25

281 2774 518 2838 satrapae
560 2755 689 2820 eum
736 2763 950 2822 scirent
990 2763 1321 2838 profectum.
1402 2761 1541 2823 Quo
1594 2749 1806 2819 factum
1854 2776 1958 2834 est,
2007 2775 2069 2821 ut

279 2876 478 2916 omnes
500 2857 800 2933 imparatos
822 2858 1321 2934 imprudentesque
1342 2857 1669 2915 offenderet.
1723 2901 1724 2904 η
1754 2858 1822 2913 Id
1851 2871 1914 2916 ut
1940 2877 2072 2935 cog·

279 2953 436 3012 novit
476 2952 910 3028 TissapherneS,
951 2953 1047 3028 qui
1089 2972 1371 3009 summum
1414 2953 1709 3028 imperium
1749 2953 2069 3016 tum4inter

160 3077 177 3089 ν
278 3049 576 3123 praefectos
625 3048 869 3105 habebat
907 3048 1149 3124 Regios,
1192 3046 1453 3105 inducias
1494 3066 1530 3103 a
1568 3046 1798 3103 Lacone
1837 3048 2065 3123 petivit3

282 3142 666 3216 simulanS,se
705 3144 840 3200 dare
880 3162 1129 3222 operam,
1158 3155 1221 3200 ut
1244 3142 1706 3200 Lacedaemoniis
1731 3161 1861 3199 cum
1901 3144 2069 3220 Rege
2108 3144 2184 3201 30

282 3238 631 3311 conveniret,
686 3258 746 3296 re
803 3249 990 3295 autem
1043 3238 1194 3309 vera,
1251 3238 1321 3294 ad
1376 3237 1569 3313 copias
1626 3240 2068 3313 comparandas:

283 3349 490 3409 easque
531 3323 851 3409 impetravit
890 3332 1213 3390 trimestres,
1324 3332 1360 3387 J
1364 3331 1546 3389 uravit
1586 3343 1772 3390 autem
1814 3346 2068 3407 uterque,

286 3447 346 3485 se
376 3429 499 3487 sine
527 3430 656 3487 dolo
684 3427 947 3486 inducias
987 3439 1464 3486 conservaturum.
1548 3425 1616 3484 In
1656 3428 1769 3503 qua
1807 3428 2069 3503 pactione
