2492 4207
846 254 1378 305 THRASYBULUS.
2060 247 2137 304 37

228 415 428 493 attigit,
458 416 573 474 nisi
602 435 781 489 arma,
809 436 1049 491 quorum
1098 417 1415 492 indigebat,
1445 431 1521 492 et,
1549 436 1673 493 quae
1704 417 1775 474 ad
1803 416 2019 474 vietum

224 513 602 588 pertinebant.
686 512 756 569 In
805 514 1062 573 seeundo
1114 514 1315 590 proelio
1369 515 1576 572 cecidit
1626 512 1857 586 Critias,
1906 512 2024 569 dux

223 620 617 683 tyrannorum,
647 628 820 683 quum
847 609 1078 684 quidem
1108 607 1456 667 exadversus
1473 598 1897 685 Thrasybulum
1915 610 2024 667 for-

223 703 446 762 tissime
475 716 771 779 pugnaret.
1102 758 1127 783 ἦ

299 799 417 856 ΠΙ.
502 800 633 858 Hoc
681 801 922 876 dejecto,
974 801 1288 859 Pausanias
1336 801 1492 859 venit
1539 800 1752 858 Atticis
1795 803 2022 877 auxilio,
2062 804 2102 860 5

221 894 949 955 reeraoedaemoniorum.
1034 897 1094 955 Is
1140 898 1289 955 inter
1333 897 1763 973 Thrasybulum
1803 909 1861 955 et
1905 919 2023 973 eOS,

223 990 324 1065 qui
351 991 549 1050 urbem
577 993 868 1066 tenebant,
899 993 1036 1051 feeit
1061 1013 1285 1070 pacem,
1328 994 1418 1051 his
1456 993 1918 1053 conditionibus:
1959 1015 2026 1054 ne

224 1087 342 1162 qui,
359 1096 581 1163 proeter
621 1089 877 1163 triginta
903 1097 1200 1165 tyrannos,
1229 1099 1283 1147 et
1310 1090 1508 1164 decem,
1531 1092 1651 1168 qui,
1672 1099 2029 1167 posteaproe-

223 1191 369 1240 tores
400 1186 598 1257 creati,
628 1186 939 1269 superioris
966 1205 1113 1253 more
1141 1187 1497 1244 crudelitatis
1544 1195 1708 1244 erant
1755 1188 1866 1260 usi,
1912 1187 2027 1263 affi—

222 1288 479 1337 cerentur
532 1282 735 1344 exilio,-
804 1300 934 1339 neve
984 1282 1129 1339 bona
1164 1259 1644 1360 publicarentum
1703 1282 2025 1360 reipublicoe
2071 1284 2143 1341 10

213 1378 552 1451 procuratio
570 1377 786 1453 populo
834 1378 1173 1437 redderetur.
1260 1379 1603 1437 Praeelarum
1653 1368 1763 1438 hoe
1805 1399 2026 1456 quoque
2105 1418 2132 1445 0

223 1471 594 1549 Thrasybuli,
623 1472 795 1548 quod,
825 1477 1197 1535 reconciliata
1224 1495 1390 1551 paee,
1419 1495 1593 1551 quum
1621 1474 1929 1552 plurimum
1965 1477 2024 1533 in

223 1568 453 1651 civitate
480 1582 691 1645 posset,
720 1572 906 1648 legem
933 1573 1094 1631 tulit:
1137 1592 1206 1629 ne
1234 1573 1362 1648 quis
1392 1570 1525 1629 ante
1554 1581 1810 1629 actarum
1846 1591 2029 1629 rerum

222 1675 607 1738 accusaretur,
662 1687 792 1726 neve
846 1670 1231 1731 multaretur,·
1300 1687 1540 1743 eamque
1596 1667 1678 1726 illi
1733 1667 2028 1724 oblivionis

223 1762 596 1838 appellarunt.
681 1763 888 1838 Neque
919 1762 1053 1821 vero
1083 1765 1236 1820 hane
1263 1762 1487 1822 tantum
1527 1765 1821 1822 ferendam
1868 1783 2029 1821 eura·
2073 1763 2147 1819 15

220 1857 322 1931 vit,
352 1859 454 1915 sed
481 1858 677 1928 etiam,
707 1869 770 1913 ut
811 1858 1046 1929 valeret,
1089 1858 1299 1914 effecit.
1382 1858 1537 1914 Nam
1579 1877 1753 1932 quum
1801 1859 2031 1932 quidam

220 1972 300 2009 ex
327 1951 438 2023 his,
467 1950 565 2025 qui
594 1950 760 2007 simul
790 1971 924 2008 oum
951 1971 1022 2009 eo
1050 1951 1110 2008 in
1138 1951 1312 2009 exilio
1339 1952 1584 2025 fuerant,
1608 1953 1825 2009 eaedem
1843 1954 2030 2010 faeere
2100 1954 2104 1959 ’

166 2092 173 2101 .
218 2065 427 2106 eorum
442 2046 685 2120 -vellent,
716 2066 848 2105 eum
877 2047 1084 2124 quibus
1114 2047 1175 2106 in
1193 2048 1439 2126 gratiam
1463 2049 1708 2107 reditum
1731 2061 1871 2123 erat,
1894 2050 2033 2126 pub-

221 2141 340 2201 lice
369 2143 680 2220 prohibuit,
709 2156 767 2202 et
795 2145 872 2218 id,
902 2146 1052 2221 quod
1079 2145 1372 2223 pollicitus
1399 2158 1540 2219 erat,
1570 2146 1849 2223 praestitit.

302 2239 408 2298 IV.
492 2240 651 2299 Huic
678 2261 780 2318 pro
806 2242 981 2300 tantis
1008 2243 1228 2300 meritis
1256 2243 1487 2301 honoris
1514 2262 1727 2301 corona
1764 2262 1798 2299 a
1822 2242 2030 2318 populo
2070 2244 2149 2300 20

223 2337 361 2394 data
411 2349 518 2410 est,
569 2339 722 2396 faeta
769 2339 990 2396 duabus
1037 2338 1274 2414 virgulis
1315 2339 1614 2414 oleaginiS,
1658 2358 1827 2414 quam
1876 2335 2028 2412 quod

225 2452 383 2492 amor
409 2434 642 2506 civium,
667 2454 784 2493 non
813 2434 898 2491 vis
924 2445 1306 2509 expresserat,-
1333 2434 1550 2490 nullam
1588 2433 1789 2490 habuit
1831 2432 2033 2488 invidi-

227 2549 339 2603 am,
394 2529 716 2606 magnaque
775 2530 883 2587 fuit
929 2530 1127 2606 gloria.
1231 2529 1391 2586 Bene
1440 2548 1576 2605 ergo
1619 2528 1873 2586 Pittacus
1916 2528 2031 2600 ille,

223 2626 324 2701 qui
368 2638 586 2701 septem
640 2626 965 2701 sapientum
1028 2645 1268 2683 numero
1332 2636 1419 2704 est
1473 2624 1716 2695 habituS,
1766 2640 1939 2697 quum
1978 2623 2032 2681 ei

223 2719 547 2795 Mytilenaei
602 2722 777 2779 multa
824 2720 1003 2779 millia
1040 2721 1307 2798 jugerum
1353 2721 1473 2798 agri
1517 2723 1753 2777 munera
1802 2720 2026 2793 darent,
2067 2720 2145 2777 25
2248 2773 2252 2777 .

226 2814 445 2888 Nolite,
474 2834 571 2872 oro
597 2836 712 2890 voS,
743 2817 946 2893 inquit,
975 2817 1042 2874 id
1064 2817 1201 2873 milii
1228 2817 1386 2890 dare,
1432 2815 1580 2893 quod
1617 2815 1779 2871 multi
1821 2816 2033 2872 invide-

229 2919 349 2983 ant,
381 2910 579 2987 plures
633 2914 799 2970 etiam
855 2915 1269 2990 concupiscant,
1376 2913 1572 2981 Quare
1620 2931 1682 2969 ez
1729 2911 1859 2967 istis
1906 2912 2031 2969 nolo

231 3006 493 3083 amplius,
550 3007 717 3083 qudm
785 3018 999 3071 centum
1041 3008 1286 3084 jugera,
1355 3028 1475 3083 queo
1529 3016 1582 3064 et
1634 3026 1807 3064 meam
1854 3009 2031 3065 animi

232 3104 549 3179 <equitatem
577 3113 632 3161 et
657 3114 899 3162 vestram
923 3106 1263 3163 voluntatem
1313 3104 1577 3161 indicent.
1662 3101 1815 3160 Nam
1855 3123 2029 3180 parva

231 3216 488 3273 munera,
517 3200 762 3274 diutina,
785 3202 1092 3277 locupletia
1128 3221 1243 3260 non
1293 3200 1518 3276 propria
1554 3217 1680 3255 esse
1719 3200 2026 3259 consueve-
2065 3203 2142 3259 30

230 3307 378 3354 runt.
415 3339 420 3351 .
461 3295 570 3354 Illa
596 3297 771 3373 igitur
799 3300 1009 3356 corona
1035 3309 1360 3355 ⁴contentus
1408 3295 1805 3369 Thrasybulus
1842 3316 2027 3372 neque

233 3388 475 3469 amplius
494 3393 806 3468 requisivit,
836 3412 1019 3468 neque
1040 3412 1363 3469 quenquam
1413 3393 1625 3450 honore
1669 3412 1730 3449 se
1774 3404 2029 3450 anteces-

233 3485 371 3544 sisse
409 3488 770 3548 existimavit.
855 3488 972 3546 Hie
1012 3478 1272 3565 sequenti
1316 3500 1568 3563 tempore
1604 3508 1777 3562 quum
1822 3498 2025 3564 praetor
