2492 4207
285 210 288 213 -
326 167 432 224 104
1124 173 1510 224 HANNIBAL.

435 322 797 410 suscipiendo
837 333 1178 405 instituerat,
1204 332 1438 409 propius
1477 332 1699 405 Tiberi,
1727 330 1901 408 quam
1941 333 2221 393 Thermo-

432 430 597 507 pylis,
625 429 699 486 de
727 430 950 487 summa
979 429 1200 505 imperii
1227 429 1571 486 dimicasset.
1665 429 1858 491 Quem
1900 428 2006 487 etsi
2044 431 2227 489 multa

432 523 602 583 stulte
631 524 829 583 conari
857 525 1104 597 videbat,
1131 536 1322 582 tamen
1350 525 1508 581 nulla
1534 523 1783 581 deseruit
1809 523 1867 581 in
1904 543 1979 581 re.
2072 525 2225 582 Prae-

431 619 537 677 fuit
575 620 777 696 paucis
816 621 1075 693 navibus,
1102 639 1243 694 quas
1270 639 1341 676 ex
1371 619 1536 694 Syria
1570 619 1759 695 jussus
1786 630 1909 677 erat
1934 619 1993 677 in
2022 621 2224 679 Asiam

355 717 396 772 5
437 717 671 789 ducere,
727 716 925 791 hisque
973 714 1240 773 adversus
1281 714 1639 772 Rhodiorum
1679 715 1919 772 classem
1960 715 2021 772 in
2061 716 2224 773 Pam-

428 811 622 887 phylio
647 811 791 868 mari
818 810 1089 869 conflixit.
1170 810 1311 872 Quo
1350 829 1523 884 quum
1561 809 1925 867 multitudine
1968 810 2221 868 adversa-

426 905 640 964 riorum
660 906 759 964 sui
784 918 1202 982 superarentur,
1230 905 1373 982 ipse,
1401 925 1513 981 quo
1539 924 1718 963 cornu
1744 924 1864 962 rem
1892 906 2090 982 gessit,
2121 907 2219 965 fuit

417 1002 698 1078 superior.

507 1096 614 1154 IX.
700 1087 1010 1155 Antiocho
1045 1098 1259 1173 fugato,
1316 1117 1516 1156 verens
1572 1117 1646 1155 ne
1699 1097 2017 1170 dederetur,
2069 1098 2220 1172 quod

316 1193 389 1249 10
429 1192 552 1250 sine
588 1192 762 1249 dubio
805 1191 1128 1265 accidisset,
1158 1193 1206 1250 si
1234 1193 1323 1250 sui
1352 1193 1581 1251 fecisset
1605 1204 1961 1271 potestatem,
1991 1192 2219 1251 Cretam

432 1288 502 1345 ad
530 1286 835 1361 Gortynios
861 1286 1034 1359 venit,
1063 1298 1127 1345 ut
1155 1286 1254 1361 ibi,
1298 1286 1410 1364 quo
1452 1308 1514 1365 se
1540 1290 1855 1362 conferret,
1897 1289 2219 1347 considera-

405 1392 525 1438 ret.
614 1379 775 1438 Vidit
816 1391 1006 1438 autem
1046 1382 1130 1448 vir
1169 1382 1426 1441 omnium
1467 1383 1886 1459 callidissimuS,
1914 1403 2127 1461 magno
2161 1405 2217 1443 se

425 1477 541 1534 fore
594 1475 869 1552 periculo,
911 1476 1023 1534 nisi
1064 1477 1204 1552 quid,
1252 1477 1607 1554 providisset,
1648 1488 1895 1556 propter‘
1927 1480 2217 1539 avaritiam

426 1572 808 1630 Cretensium.
889 1571 1167 1650 Magnam
1195 1573 1351 1631 enim
1381 1593 1578 1631 secum
1604 1574 1913 1650 pecuniam
1941 1575 2216 1651 portabat,

312 1669 386 1725 15
427 1670 497 1724 de
525 1668 637 1743 qua
676 1667 898 1726 sciebat
937 1666 1123 1726 exisse
1165 1670 1391 1727 famam.
1473 1668 1673 1745 Itaque
1702 1670 1856 1745 capit
1882 1671 1991 1727 tale
2013 1672 2218 1733 consil-

427 1762 563 1821 ium.
647 1763 971 1840 Amphoras
1012 1764 1331 1840 complures
1371 1765 1616 1841 complet
1656 1765 1920 1840 plumb03
1969 1784 2218 1824 summas

422 1859 605 1937 operit
645 1877 782 1918 auro
822 1871 880 1918 et
922 1871 1172 1935 argento.
1257 1858 1402 1933 Has,
1430 1859 1804 1936 praesentibus
1842 1859 2215 1936 principibuS,

419 1955 656 2031 deponit
708 1955 767 2012 in
810 1956 1021 2030 templo
1074 1952 1299 2028 Dianae,
1340 1954 1635 2028 simulam,
1678 1973 1738 2011 se
1784 1973 1916 2011 suas
1966 1956 2215 2023 fortunas

411 2051 640 2109 illorum
670 2050 804 2108 fidei
832 2051 1080 2108 credere.
1165 2049 1276 2107 His
1302 2049 1361 2106 in
1389 2068 1649 2109 verrorem
1693 2048 1961 2124 inductis,
2004 2052 2215 2111 statuas

302 2147 381 2203 20
421 2164 628 2217 aeneas,
669 2162 810 2219 quas
851 2161 1046 2201 secum
1085 2144 1365 2219 portabat,
1393 2164 1591 2203 omnes
1634 2145 1739 2202 sua
1778 2146 2027 2221 pecunia
2067 2166 2215 2204 com-

416 2241 552 2316 plet,
594 2257 803 2313 easque
847 2239 905 2295 in
946 2239 1421 2315 propatulo„domi
1463 2240 1676 2316 abjicit.
1775 2242 2037 2317 Gortynii
2078 2254 2214 2300 tem-

415 2337 572 2414 plum
612 2335 824 2411 magna
862 2335 1001 2393 cura
1041 2335 1388 2411 custodiunt,
1416 2356 1532 2403 non
1569 2342 1685 2395 tam
1715 2357 1749 2395 a
1775 2337 2015 2412 caeteriS,
2039 2329 2212 2414 'quam

422 2433 493 2491 ab
543 2431 894 2505 Hannibale,
944 2451 1017 2489 ne
1060 2432 1210 2508 quid,
1238 2432 1355 2507 ille,
1385 2433 1775 2492 ‚inscientibus
1821 2434 1930 2507 his,
1974 2435 2211 2512 tolleret,

419 2546 727 2602 secumque
755 2528 1014 2585 duceret.

300 2627 378 2683 25
497 2622 572 2680 X.
658 2623 758 2681 Sic
800 2625 1148 2682 conservatis
1190 2624 1309 2682 suis
1351 2626 1539 2697 rebus,
1568 2624 1801 2698 PoenuS,
1851 2625 2035 2686 illusis
2077 2626 2212 2684 Cre-

419 2717 676 2778 tensibus
742 2718 1026 2791 omnibus,
1082 2720 1152 2775 ad
1213 2707 1473 2778 Prusiam
1527 2720 1587 2777 in
1639 2720 1882 2779 Pontum
1935 2724 2206 2798 pervenit.

418 2815 592 2891 Apud
618 2832 785 2888 quem
813 2815 1013 2871 eodem
1043 2814 1232 2873 animo
1270 2815 1376 2873 fuit
1401 2835 1539 2892 erga
1565 2815 1809 2898 Italiam,
1838 2805 2025 2894 neque
2055 2818 2209 2882 aliud

412 2911 717 2987 quidquam
755 2909 891 2985 egit,
929 2908 1102 2984 quam
1152 2907 1343 2987 regem
1377 2911 1612 2971 armavit
1646 2898 1704 2969 et
1729 2914 1984 2980 exercuit
2013 2915 2208 2971 adver-

414 3004 512 3063 sus
555 3004 867 3063 Romanos.
966 3004 1162 3066 Quem
1203 3025 1376 3090 quum
1417 3006 1639 3084 videret.
1671 3007 1991 3066 domesticis
2029 3009 2205 3068 rebus

298 3099 375 3156 30
413 3098 604 3158 minus
630 3120 754 3159 esse
782 3101 1094 3174 robustum,
1124 3102 1468 3161 conciliabat
1507 3116 1741 3162 caeteros
1780 3124 1958 3182 regeS,
2002 3105 2204 3182 adjun-

413 3193 584 3270 gebat
622 3195 921 3255 bellicosas
959 3196 1234 3254 nationes
1317 3196 1653 3256 Dissidehat
1684 3200 1755 3256 ab
1794 3219 1865 3289 eo
1900 3199 2203 3282 Pergame-

413 3307 522 3345 nus
573 3308 691 3363 rex,
721 3291 1042 3365 EumeneS‚
1093 3275 1377 3349 Romanis
1431 3293 1828 3369 amicissimus,
1877 3296 2199 3372 bellumque

413 3384 560 3443 inter
587 3403 685 3442 eos
710 3387 1011 3461 gerebatur
1036 3398 1095 3445 et
1123 3384 1265 3444 mari
1292 3398 1350 3445 et
1376 3390 1558 3447 terra:
1599 3387 1711 3463 qud
1728 3390 1913 3468 magis
1933 3391 2200 3468 cupiebat
