2492 4207
291 247 415 305 ,118
889 252 949 300 Τ.
981 249 1382 300 POMPONIUS
1414 250 1732 300 A'ITICUs.

415 413 527 472 nisi
554 412 612 469 in
640 410 1014 486 deprecandis
1043 410 1355 469 amicorum
1383 421 1479 468 aut
1508 410 1797 486 periculis,
1842 421 1937 467 aut
1984 409 2201 469 incom-

416 506 615 569 modis,
695 505 873 569 Quod
898 505 1128 580 quidem
1156 505 1261 562 sub
1289 504 1409 582 ipsa
1436 505 1843 582 proscriptione
1877 505 2197 581 perillustre

419 603 538 661 suit.
594 600 746 658 Nam
797 618 973 675 quum
1028 599 1110 657 L.'
1137 599 1355 658 Saufeii
1407 600 1612 674 equitis
1664 600 1940 672 Romani,
1968 602 2201 676 aequalis

417 698 524 771 sui,
552 697 649 775 qui
677 716 808 753 cum
835 715 906 753 eo
945 695 1264 771 complures
1306 714 1505 768 annos,
1548 694 1736 753 studio
1780 696 1991 754 ductus
2025 697 2203 773 philo-

340 795 380 851 5
418 792 647 869 sophiae,
676 791 985 863 habitabat,
1015 790 1370 865 habebatque
1398 789 1458 846 in
1486 789 1653 847 Italia
1688 790 1967 866 pretiosas
1991 812 2205 869 posses-

419 888 625 961 siones,
678 885 952 945 triumviri
1009 886 1159 944 bona
1207 884 1615 957 vendidissent,
1655 887 2075 946 consuetudine
2118 889 2204 961 ea,

419 986 532 1060 qua
558 995 677 1041 tum
720 1001 810 1041 res
850 981 1230 1058 gerebantu13
1275 980 1458 1039 Attici
1484 980 1676 1038 labore
1703 992 1872 1057 atque
1928 982 2206 1041 industria

423 1080 653 1152 factum,
706 1089 770 1135 ut
820 1077 1022 1135 eodem
1073 1076 1277 1136 nuntio
1330 1076 1595 1134 Saufeius
1654 1076 1816 1135 fieret
1867 1078 2090 1151 certior,
2144 1097 2206 1137 se

419 1174 819 1252 patrimonium
848 1173 1101 1229 amisisse
1130 1184 1188 1230 et
1215 1172 1603 1249 recuperasse.
1683 1171 1849 1230 Idem
1892 1172 1960 1232 L.
1991 1173 2204 1230 Julium

313 1270 385 1327 10
424 1269 708 1340 Calidum,
734 1286 902 1343 quem
928 1258 1058 1342 post
1080 1267 1336 1325 Lucretii
1383 1267 1707 1344 Catullique
1747 1280 1984 1328 mortem
2031 1268 2206 1328 multo

422 1362 904 1440 elegantissimum
959 1365 1187 1436 poetam
1241 1374 1494 1420 nostram
1556 1363 1753 1423 tulisse
1808 1375 2032 1422 aetatem
2078 1363 2208 1423 vere

423 1460 613 1517 videor
657 1477 820 1536 posse
867 1457 1233 1528 contendere,
1286 1476 1472 1531 neque
1514 1457 1708 1515 minus
1752 1458 1935 1522 virum
1978 1460 2209 1522 bonum,

422 1554 757 1631 optimisque
785 1546 1016 1619 ‘artibus
1055 1551 1360 1624 eruditum,
1386 1562 1515 1627 post
1557 1554 2024 1630 proscriptionem
2061 1556 2213 1631 equi-

424 1663 564 1724 tum,
617 1660 841 1728 propter
865 1718 868 1721 Δ
893 1666 1132 1725 magnas
1182 1647 1307 1724 ejus
1359 1636 1669 1706 Africanas
1719 1651 2098 1725 possessiones
2151 1652 2211 1709 in

317 1747 388 1805 15
425 1745 862 1822 proscriptorum
913 1731 1215 1803 numerum
1268 1761 1304 1801 a
1354 1743 1418 1801 P.
1462 1742 1791 1819 Volumnio,
1830 1747 2097 1821 praefecto
2136 1748 2215 1805 fa·

421 1839 586 1899 briim
612 1838 873 1917 Antonii,
917 1838 1210 1898 absentem
1252 1839 1512 1912 relatum,
1556 1839 1856 1916 expedivit.
1934 1828 2113 1903 Quod
2157 1843 2215 1900 in

370 1973 385 1987 ·
426 1935 689 2013 praesenti
716 1932 905 1993 utrum
932 1934 986 1992 ei
1012 1933 1366 2008 laboriosiuS,
1395 1953 1469 1993 an
1515 1934 1814 2011 gloriosius
1852 1936 2040 2011 fuerit,
2078 1937 2219 1994 diffi-

430 2033 539 2090 cile
588 2032 692 2089 fuit
728 2030 1016 2108 judicare;
1057 2028 1209 2107 qudd
1238 2029 1299 2087 in
1339 2049 1535 2088 eorum
1575 2030 1861 2110 periculis,
1899 2051 2015 2091 non
2055 2052 2219 2090 secus

431 2128 712 2200 absentes,
766 2125 938 2201 quam
989 2135 1299 2204 praes'entes
1371 2126 1586 2186 amicos
1642 2127 1837 2185 Attico
1887 2147 2014 2186 esse
2064 2147 2216 2186 curae

312 2223 392 2281 20
430 2221 722 2297 cognitum
748 2232 850 2277 est.
908 2280 913 2286 ,

506 2313 681 2372 ΧΙΙΙ.
763 2311 966 2388 Neque
993 2313 1127 2373 vero
1155 2312 1345 2373 minus
1372 2315 1467 2374 ille
1494 2315 1597 2390 vir,
1616 2317 1793 2376 bonus
1807 2297 2214 2393 paterfamilias

426 2410 657 2470 habitus
683 2421 770 2468 est
796 2407 967 2485 quam
1009 2408 1166 2482 civis.
1250 2409 1401 2469 Nam
1445 2431 1619 2487 quum
1652 2423 1812 2489 ,esset
1848 2411 2212 2488 pecuniosus,

429 2527 600 2566 nemo
646 2507 743 2568 illo
784 2504 974 2565 minus
1016 2507 1122 2565 fuit
1163 2526 1352 2581 emax,
1381 2505 1571 2565 minus
1613 2507 1934 2567 aedificator.
2016 2508 2219 2584 Neque

433 2617 624 2663 tamen
646 2622 761 2660 non
791 2602 1064 2678 imprimis
1090 2603 1237 2659 bene
1265 2603 1556 2676 habitavit,
1585 2603 1963 2678 omnibusque
1992 2604 2219 2679 optimis

318 2700 397 2759 25
435 2700 604 2756 rebus
626 2717 761 2755 usus
788 2709 890 2770 est.
974 2696 1126 2754 Nam
1179 2698 1411 2755 domum
1438 2697 1636 2776 habuit
1663 2697 1724 2754 in
1752 2699 1898 2757 colle
1926 2698 2236 2774 Quirinali·

436 2791 900 2870 Tamphilanam‚
932 2792 1003 2848 ab
1031 2792 1312 2850 avunculo
1340 2792 1667 2850 haereditate
1702 2792 1960 2851 relictam
1988 2814 2004 2864 3
2062 2796 2223 2870 cujus

438 2889 733 2947 amoenitas
781 2906 896 2945 non
950 2885 1226 2959 aedificio,
1265 2888 1366 2944 sed
1419 2887 1578 2960 silva,
1633 2888 1946 2946 constabat.
2031 2888 2221 2967 Ipsum

436 2986 591 3043 enim
619 2995 836 3043 tectum
880 2979 1189 3056 antiquitus
1240 2982 1630 3055 constitutum,
1683 2983 1810 3060 plus
1857 2984 2011 3061 salis,
2057 2982 2221 3060 quam

438 3080 693 3156 sumptus
721 3078 965 3136 habebat
988 3097 1000 3134 ε
1042 3076 1102 3134 in
1129 3097 1240 3153 quo
1266 3077 1408 3135 nihil
1436 3078 1822 3152 commutavit,
1850 3079 1963 3138 nisi
2002 3079 2052 3137 si
2092 3080 2224 3155 quid

320 3176 403 3236 30
441 3184 716 3234 vetustate
769 3184 1002 3232 coactus
1054 3185 1155 3231 est.
1263 3172 1416 3231 Usus
1460 3185 1546 3232 est
1598 3173 1830 3248 familia,
1885 3174 1935 3234 si
1986 3174 2226 3234 utilitate

437 3269 810 3347 judicandum
836 3280 942 3343 est,
968 3267 1218 3344 optima&
1261 3267 1311 3325 si
1340 3268 1537 3342 forma,
1567 3269 1660 3353 vix
1679 3268 1972 3327 mediocri.
2055 3267 2228 3326 Nam-

443 3383 552 3442 que
581 3363 640 3422 in
666 3364 737 3423 ea
762 3376 923 3424 erant
963 3363 1123 3441 pueri
1148 3362 1535 3438 literatissimi,
1578 3375 1904 3441 anagnostae
1930 3365 2148 3441 optimi,
2174 3375 2233 3424 et

442 3459 669 3540 plurimi
718 3459 954 3533 librarii,
1006 3471 1070 3518 ut
1120 3477 1194 3518 ne
1245 3459 1587 3537 pedisequus
1653 3458 1883 3534 quidem
1935 3460 2234 3548 quisquam
