2492 4207
341 262 420 321 ω
1080 263 1610 315 THRASYBULUS.

459 430 519 487 in
544 427 727 503 proelii
768 444 1049 484 concursu
1095 425 1211 482 abit
1244 443 1337 483 res
1363 443 1399 481 a
1423 423 1662 483 oonsilio
1702 425 1774 483 ad
1820 425 1966 484 vires
2003 423 2237 502 vimque

456 521 844 600 pugnantium.
924 520 1121 596 Itaque
1143 521 1272 596 jure
1313 540 1417 578 suo
1461 521 1734 579 nonnulla
1780 522 1853 579 ab
1893 519 2238 598 imperatore

458 616 638 688 miles,
656 616 905 693 ‚plurima
930 614 1061 674 vero
1090 616 1314 675 fortuna
1337 615 1608 690 vindieat,
1636 632 1807 692 seque
1842 614 1940 674 hie
1965 614 2093 693 plus
2119 618 2239 676 val-

458 712 629 785 uisse,
656 709 825 787 quam
864 710 1028 769 duc-is
1072 710 1451 787 prudentiam,
1494 710 1627 769 vere
1672 722 1857 788 potest
1900 706 2234 788 praedicare.

379 811 420 866 5
456 807 655 870 Quare
703 798 841 865 illud
892 805 1516 882 magnificentissimum
1564 807 1776 865 sactum
1817 808 2104 884 proprium
2144 820 2240 867 est

458 902 822 978 Thrasybuli.
902 900 1054 958 Nam
1084 919 1258 976 quum
1303 901 1537 978 triginta
1576 902 1822 978 tyranni,
1869 904 2156 980 praepositi
2201 924 2239 962 a

458 996 924 1069 Lacedaemoniis,
978 995 1243 1055 servitute
1293 1016 1589 1073 oppressas
1641 1011 1902 1057 tenerent
1950 1000 2235 1073 Athenas,

455 1094 723 1169 plurimos
749 1092 920 1164 eires,
948 1091 1151 1167 quibus
1172 1092 1232 1150 in
1261 1093 1408 1152 bello
1446 1106 1698 1170 parserat
1744 1094 1986 1167 fortuna,
2025 1095 2239 1172 partim

455 1189 640 1264 patria
688 1187 1054 1264 expulissent,
1106 1187 1312 1265 partim
1364 1188 1803 1264 interfecissent,
1864 1189 2238 1266 plurimorum

348 1284 422 1342 1⁰
460 1285 610 1344 bona
626 1283 914 1360 publicata
939 1282 1084 1342 inter
1110 1302 1172 1340 se
1199 1283 1553 1354 divisissent3
1596 1305 1711 1344 non
1738 1283 1921 1344 solum
1945 1285 2237 1363 princeps,

458 1380 559 1437 sed
585 1391 644 1437 et
669 1379 820 1437 solus
845 1377 1009 1437 initio
1034 1360 1245 1435 belluni
1273 1377 1362 1458 his
1389 1377 1610 1437 indixit.

537 1473 617 1531 II.
699 1474 816 1532 Hie
866 1473 1020 1533 enim
1071 1492 1245 1549 quum
1281 1473 1501 1549 Phylen
1547 1475 1917 1551 confugisset,
1959 1476 2110 1551 quod
2151 1488 2238 1536 est

459 1570 752 1630 castellum
780 1570 839 1629 in
866 1570 1064 1628 Attica
1089 1568 1550 1640 munitissimum,
1577 1587 1694 1627 non
1739 1568 1867 1645 plus
1910 1570 2110 1629 habuit
2153 1590 2239 1628 se-
2335 1638 2341 1645 .

461 1685 611 1739 eum,
639 1664 809 1742 quam
844 1666 1075 1742 triginta
1115 1666 1186 1723 de
1229 1665 1365 1723 suis.
1447 1664 1578 1724 Hoc
1625 1662 1850 1723 initium
1899 1664 2003 1724 fuit
2041 1666 2238 1724 salutis

353 1764 423 1819 15
464 1763 824 1832 Aotaeorum3
886 1762 995 1820 hoo
1046 1761 1215 1819 robur
1268 1760 1542 1819 libertatis
1595 1758 1921 1817 clarissimae
1974 1758 2235 1819 civitatis.

462 1855 664 1932 Neque
691 1855 822 1915 vero
851 1857 946 1915 hio
973 1876 1088 1917 non
1129 1867 1489 1934 contemptus
1534 1867 1621 1915 est
1664 1853 1847 1932 primo
1889 1874 1924 1912 a
1962 1856 2237 1931 tyranniS,

463 1965 627 2028 atque
669 1952 792 2028 ejus
839 1953 1097 2012 solitudo·
1176 1951 1329 2014 Quae
1370 1953 1601 2028 quidem
1627 1971 1719 2010 res
1744 1964 1802 2009 et
1844 1951 1956 2009 illis
1990 1963 2239 2011 oontem-

466 2047 732 2106 nentibus
759 2040 1018 2122 pernicii,
1062 2057 1120 2102 et
1161 2046 1297 2103 huic
1344 2046 1613 2121 despecto
1660 2044 1847 2117 saluti,
1891 2046 2012 2103 fuit.
2095 2047 2241 2107 Haeo

463 2141 616 2198 enim
642 2140 767 2199 illos
813 2140 885 2197 ad
929 2138 1383 2213 persequendum
1429 2125 1654 2212 segnes,
1699 2137 1802 2195 hos
1848 2149 2059 2210 autem,
2102 2152 2242 2200 tem-

349 2236 427 2292 20
442 2280 446 2285 .
464 2253 597 2310 pore
646 2235 717 2291 ad
763 2231 1205 2308 comparandum
1258 2231 1412 2304 dato,
1462 2231 1596 2289 feeit
1642 2230 1998 2308 robustiores.
2098 2234 2240 2295 Quo

464 2328 645 2406 magis
664 2338 1008 2405 praeoeptum
1035 2325 1175 2384 illud
1209 2325 1467 2384 omnium
1507 2326 1568 2383 in
1617 2323 1821 2383 animis
1862 2344 1989 2383 esse
2031 2327 2238 2387 debet:

465 2427 637 2486 Nihil
653 2425 717 2483 in
741 2424 876 2483 bello
901 2431 1149 2501 oportere
1191 2422 1500 2496 contemni3
1551 2440 1661 2479 neo
1704 2420 1827 2479 sine
1873 2421 2048 2479 eausa
2095 2423 2239 2482 dici:

466 2522 709 2581 Matrem
733 2519 919 2578 timidi
929 2518 1073 2596 flere
1098 2537 1209 2576 non
1233 2518 1421 2576 solere.
1502 2515 1706 2593 Neque
1729 2527 1921 2575 tamen
1940 2536 2043 2593 pro
2062 2519 2241 2595 opini-

465 2637 575 2677 one
601 2616 949 2692 Thrasybuli
974 2626 1157 2673 auotae
1202 2626 1335 2672 sunt
1374 2632 1528 2690 opes.
1608 2611 1667 2670 N
1672 2631 1762 2671 am
1803 2612 1922 2689 jam
1962 2626 2084 2674 tum
2132 2615 2242 2674 illis

350 2715 429 2772 ‘25
467 2712 810 2788 temporibus
837 2708 1198 2769 fortiusboni
1222 2729 1324 2785 pro
1348 2708 1605 2768 libertate
1641 2709 2031 2790 loquebantur,
2072 2708 2241 2785 quam

465 2809 811 2886 pugnabant.
894 2805 1052 2864 Hinc,
1077 2805 1138 2863 in
1176 2803 1420 2862 Piraeum
1464 2799 1721 2876 transiit,'
1755 2801 2240 2879 Munychiamque

467 2903 721 2964 munivit.
803 2902 974 2960 Hane
1002 2901 1089 2959 bis
1127 2899 1355 2976 tyranni
1390 2917 1717 2976 oppugnare
1745 2910 1877 2958 sunt
1918 2898 2125 2968 adorti3
2170 2900 2241 2956 ab

465 3000 644 3075 eaque
670 2998 904 3075 turpiter
930 2996 1139 3074 repulsi
1165 2995 1420 3073 protinus
1444 2994 1505 3051 in
1534 2993 1751 3066 urbem,
1796 2994 1967 3052 armis
2009 2993 2242 3068 impedi-
2319 3023 2326 3040 κ

468 3093 782 3170 mentisque
809 3092 1050 3165 amissis,
1086 3093 1432 3168 refugerunt.
1514 3088 1665 3147 Usus
1710 3102 1799 3148 est
1844 3077 2241 3164 Thrasybulus

352 3187 432 3246 ³0
470 3205 585 3246 non
610 3186 799 3246 minus
823 3186 1144 3265 prudentis,
1170 3186 1342 3261 quam
1369 3183 1710 3244 fortitudine.
1790 3183 1943 3242 Nam
1970 3184 2241 3242 dedentes
2294 3250 2298 3256 ¹

469 3276 663 3340 violari
688 3282 864 3342 vetuit
891 3304 905 3354 ;
949 3283 1092 3341 cives
1112 3281 1268 3339 enim
1295 3280 1507 3338 civibus
1524 3300 1764 3358 parcere
1790 3297 2014 3353 *equum
2041 3298 2238 3337 oense-

470 3376 602 3446 bat;
643 3395 824 3453 neque
850 3379 1144 3454 quisquam
1166 3389 1257 3435 *est
1282 3376 1624 3450 vulneratus,
1661 3375 1773 3434 nisi
1808 3374 1905 3449 qui
1949 3374 2099 3450 prior
2139 3375 2240 3432 im-

470 3488 720 3548 pugnare
746 3473 949 3545 voluit3
990 3472 1279 3576 qeminun
1299 3471 1586 3548 jacentem
1628 3482 1780 3529 veste
1827 3469 2114 3549 spoliavit3
2157 3469 2240 3528 nil
