2492 4207
261 293 372 349 114
835 299 896 348 Τ.
930 295 1335 347 POMPONIUS
1367 292 1694 345 ATTICUS.

372 471 434 519 ut
459 459 670 532 caeteri,
696 459 794 534 qui
820 477 918 535 per
941 477 1074 516 eum
1093 468 1189 515 aut
1209 456 1473 528 honoreS,
1497 466 1596 513 aut
1616 452 1840 512 divitias
1856 463 2162 529 ceperant:

370 574 607 631 quorum
658 554 864 630 partim
914 552 1238 611 invitissimi
1292 559 1479 607 castra
1530 562 1665 608 sunt
1705 547 1904 621 secuti,
1954 549 2160 624 partim

371 649 594 707 summa
621 658 753 706 cum
780 648 905 723 ejus
930 647 1244 706 offensione
1287 643 1441 703 domi
1488 654 1899 702 remanserunt.
1981 643 2164 702 Attici

372 755 561 802 autem
585 743 747 819 quies
774 755 1066 818 tantopere
1094 740 1312 798 Caesari
1341 739 1448 797 fuit
1473 750 1655 816 grata,
1684 751 1748 797 ut
1773 741 1952 796 victor
1993 757 2164 814 quum

293 842 333 898 5
370 839 601 917 privatis
657 838 932 916 pecunias
1004 856 1105 914 per
1173 835 1441 911 epistolas
1494 834 1815 910 imperaret,
1864 833 2003 891 huic
2052 852 2166 891 non

371 926 554 994 solum
583 935 854 993 molestus
881 952 996 991 non
1038 930 1228 1004 fuerit,
1273 931 1374 988 sed
1420 929 1592 988 etiam
1640 929 1845 988 sororis
1891 928 2074 987 filium
2113 940 2171 986 et

369 1031 449 1094 Q.
505 1030 848 1089 Ciceronem
899 1049 971 1087 ex
1017 1025 1277 1103 Pompeii
1345 1026 1546 1084 castris
1600 1026 1965 1085 concesserit.
2067 1025 2171 1083 Sic

372 1138 559 1185 vetere
587 1125 845 1184 instituto
866 1124 1014 1196 vitae,
1042 1123 1244 1200 effugit
1272 1141 1419 1181 nova
1443 1121 1713 1199 pericula.

450 1220 623 1280 VIII.
727 1221 1003 1278 Secutum
1056 1230 1144 1290 est
1196 1218 1357 1290 illud,
1432 1217 1628 1276 occiso
1690 1217 1941 1290 cassare,
1993 1233 2168 1291 quum

260 1318 334 1375 1⁰
358 1316 680 1393 respublica
706 1335 883 1392 penes
921 1315 1127 1373 Brutos
1170 1313 1457 1371 videretur
1501 1333 1626 1371 esse
1668 1325 1726 1371 et
1771 1311 2056 1386 Cassium,
2101 1329 2169 1368 ac

302 1459 305 1460 ν
371 1424 492 1471 tota
517 1410 718 1469 civitas
746 1430 806 1469 se
836 1412 907 1468 ad
936 1429 1033 1468 eos
1080 1407 1468 1467 convertisset.
1554 1409 1654 1466 Sic
1682 1407 1764 1465 M.
1814 1407 1991 1466 Bruto
2033 1426 2170 1464 usus

371 1519 476 1580 est,
510 1518 574 1564 ut
616 1507 773 1565 nullo
816 1506 910 1564 ille
955 1506 1288 1564 adolescens
1332 1504 1535 1578 aequali
1590 1502 1948 1576 familiarius,
1998 1500 2170 1578 quam

370 1603 481 1660 hoc
521 1622 679 1676 sene,
708 1622 893 1678 neque
922 1600 1105 1661 sdlum
1133 1603 1267 1658 eum
1294 1599 1611 1675 principem
1648 1600 1873 1658 consilii
1914 1599 2170 1671 haberet,

370 1700 471 1757 sed
511 1699 683 1758 etiam
709 1699 771 1756 in
800 1698 1083 1756 convictu.
1166 1677 1571 1772 Encogitatum
1597 1707 1683 1753 est
1730 1713 1764 1751 a
1809 1693 2171 1769 quibusdam,

260 1795 333 1851 15
373 1806 435 1852 ut
461 1795 739 1870 privatum
768 1794 1028 1851 aerarium
1046 1791 1293 1850 Caesaris
1320 1791 1776 1850 interfectoribus
1795 1790 1866 1847 ab
1886 1788 2173 1863 equitibus

370 1889 654 1948 Romanis
681 1890 1137 1974 constitueretur.
1220 1887 1293 1944 Id
1322 1885 1669 1953 facileeffici
1707 1905 1871 1962 posse
1920 1883 2173 1942 arbitrati

373 1999 524 2059 sunt,
553 1987 601 2043 si
628 1999 685 2045 et
706 1986 993 2063 principes
1020 1984 1173 2043 illius
1199 1983 1418 2042 ordinis
1465 1982 1741 2058 pecunias
1780 1979 2168 2040 contulissent.

371 2081 570 2157 Itaque
601 2081 913 2157 appellatus
939 2092 1025 2138 est
1054 2099 1088 2137 a
1129 2079 1196 2136 C.
1228 2078 1446 2150 Flavio,
1496 2078 1660 2136 Bruti
1704 2076 1986 2150 familiari,
2026 2074 2172 2133 Atti-

370 2195 492 2247 cus,
522 2187 585 2233 ut
611 2177 735 2250 ejus
761 2175 845 2232 rei
872 2175 1138 2249 princeps
1165 2191 1291 2228 esse
1320 2172 1503 2228 vellet.
1589 2172 1669 2228 At
1697 2172 1811 2244 ille,
1841 2171 1937 2245 qui
1984 2169 2175 2229 officia

253 2273 333 2329 20
374 2270 573 2327 amicis
598 2270 921 2346 praestanda
957 2268 1081 2325 sine
1125 2265 1375 2325 factione
1399 2264 1794 2338 existimaret,
1839 2285 2174 2341 semperque

373 2387 408 2424 a
458 2365 668 2425 talibus
721 2385 782 2422 se
831 2363 1087 2423 consiliis
1138 2348 1491 2436 renioiisset,
1545 2362 1872 2438 respondit:
1930 2363 1982 2419 si
2035 2361 2180 2438 quid

372 2461 597 2520 Brutus
616 2460 682 2517 de
705 2459 822 2516 suis
833 2456 1225 2534 facultatibus
1263 2460 1351 2516 uti
1378 2459 1660 2532 voluisset,
1708 2478 1956 2532 usurum,
1999 2477 2173 2534 quan-

374 2555 494 2615 &tm
540 2574 616 2613 eae
658 2561 998 2631 paterentur
1019 2573 1040 2607 .-
1082 2573 1137 2610 se
1184 2574 1356 2627 neque.
1410 2574 1529 2611 cum
1582 2573 1858 2630 quoquam
1899 2554 1966 2612 de
2007 2552 2073 2611 εᾶ
2113 2573 2174 2610 re

376 2652 792 2721 collocuturum,
847 2668 1018 2723 neque
1076 2651 1370 2704 co'iturum.
1478 2648 1580 2705 Sic
1648 2648 1740 2706 ille
1781 2647 2174 2706 consensionis

257 2747 337 2804 25
375 2745 578 2823 globus
619 2744 790 2819 hujus
845 2743 1015 2800 unius
1069 2742 1425 2799 dissensione
1471 2743 1762 2818 disjectus·
1784 2756 1886 2802 est.
1969 2743 2173 2819 Neque

376 2839 555 2899 multo
582 2837 712 2916 post
739 2838 992 2915 superior
1020 2857 1146 2894 esse
1173 2836 1349 2913 coepit
1391 2838 1715 2895 Antonius:
1760 2838 1841 2897 ita
1867 2851 1930 2898 ut
1967 2839 2175 2897 Brutus

375 2950 433 2997 et
487 2935 743 3007 Cassius,
796 2933 1239 3011 provinciarum,
1295 2952 1419 3009 quae
1474 2933 1544 2989 iis
1596 2934 1758 2992 necis
1800 2934 1974 2993 causa
2024 2934 2171 2990 datae

268 3098 274 3104 ,
377 3044 539 3090 erant
567 3051 601 3088 a
628 3029 978 3101 consulibuS,
1006 3028 1320 3104 desperatis
1340 3029 1529 3101 rebuS,
1559 3028 1618 3086 in
1647 3030 1900 3089 exilium·
1924 3027 2171 3105 proficis-

378 3140 659 3186 cerentur.
744 3125 993 3197 Atticus,
1016 3124 1112 3199 qui
1133 3123 1438 3200 pecuniam
1461 3123 1628 3182 simul
1652 3145 1783 3183 cum
1801 3123 2016 3183 caeteris
2037 3141 2170 3180 con·

263 3224 342 3283 3⁰
381 3220 526 3280 ferre
538 3222 798 3280 noluerat
814 3219 1037 3279 florenti
1059 3219 1140 3276 illi
1158 3218 1325 3295 parti,
1347 3219 1572 3294 abjecto
1587 3220 1763 3279 Bruto
1784 3219 2060 3293 Italiaque
2077 3237 2171 3276 ce-

381 3315 540 3375 denti
562 3314 946 3376 sestertiorum
969 3327 1202 3374 centum
1230 3314 1411 3372 millia
1454 3317 1675 3375 muneri
1717 3314 1884 3373 misit.
1965 3314 2173 3373 Eidem

381 3414 440 3471 in
469 3411 646 3488 Epiro
674 3413 880 3470 absens
920 3422 1178 3470 trecenta
1209 3410 1379 3487 jussit
1424 3404 1585 3469 dari:
1646 3430 1829 3485 neque
1874 3409 1945 3469 eo
1992 3411 2178 3488 magis

376 3507 597 3586 potenti
625 3508 887 3567 adulatus
913 3520 1000 3567 est
1028 3505 1304 3581 Antonio,
1334 3526 1520 3582 neque
1563 3507 1886 3584 desperatos
1932 3507 2173 3584 reliquit.
