2492 4207
253 187 364 245 100
1068 190 1452 240 HANNIBAL.

362 371 642 430 nunquam
691 370 772 409 me
822 355 885 408 in
925 350 1183 409 amicitia
1224 371 1345 409 cum
1385 351 1663 409 Romanis
1700 350 1854 427 fore.
1934 350 2020 409 Id
2052 370 2155 429 ego

358 432 784 526 juy'urandum,
828 447 1000 524 patri
1043 447 1258 519 datum,
1298 466 1469 523 usque
1509 447 1591 527 ad
1625 446 1787 503 hanc
1809 454 2044 504 aetatem-
2065 448 2157 505 ita

359 545 698 618 conservavi,
739 553 803 601 ut
840 544 1047 602 nemini
1085 543 1312 601 dubium
1352 563 1465 601 esse
1504 542 1718 616 debeat,
1760 544 1897 619 quin
1935 543 2154 620 reliquo

359 649 596 718 tempore
623 640 810 698 eddcm
835 648 1007 698 mente
1034 641 1138 697 sim
1155 638 1423 716 futurus.
1512 640 1710 708 Quare
1737 640 1790 696 si
1816 639 1956 715 quid
1980 639 2156 699 amice

281 737 322 795 5
358 736 424 794 de
478 736 758 793 Romanis
813 735 1110 810 cogitabis,
1152 755 1264 793 non
1302 735 1681 813 imprudenter
1703 733 1947 811 feceris,
1988 736 2039 793 si
2076 755 2157 794 mc

358 832 578 891 celaris.
668 832 858 900 Quum
897 831 1116 907 quidem
1155 831 1351 889 bellum
1380 832 1646 909 parabis,
1688 840 1740 888 te
1779 832 1966 908 ipsum
1987 831 2153 909 frus-

359 929 624 1001 traberis,
653 929 704 985 si
724 947 833 986 non
857 947 938 984 me
964 928 1027 984 in
1053 947 1113 985 eo
1131 927 1451 1004 principem
1467 928 1745 1004 posueris.
2014 1006 2017 1009 Ι

438 1024 554 1084 ΙΙΙ.
638 1025 770 1082 Hac
811 1024 1002 1100 igitur,
1042 1024 1157 1099 qua
1197 1023 1464 1096 diximuS,
1499 1034 1683 1096 aetate,
1725 1041 1860 1081 cum
1898 1035 2054 1099 patre
2094 1023 2154 1081 in

363 1121 702 1197 Hispaniam
742 1121 1031 1199 profectus
1069 1131 1188 1178 est:
1254 1119 1420 1195 cujus
1459 1129 1585 1195 post
1621 1117 1861 1194 obitum,
1904 1117 2155 1176 Hasdru-

249 1215 323 1273 10
363 1217 491 1274 bale
524 1216 859 1291 imperatore
887 1215 1145 1286 suffecto,
1187 1214 1467 1289 equitatui
1507 1213 1663 1272 omni
1702 1213 1944 1290 praefuit.
2026 1214 2156 1274 Hoc

360 1329 582 1387 quoque
638 1309 936 1368 interfecto
987 1310 1274 1367 exercitus
1327 1328 1609 1389 summam
1650 1309 1872 1386 imperii
1914 1311 1987 1368 ad
2027 1330 2155 1369 eum

362 1405 577 1464 detulit.
680 1404 751 1461 Id
792 1404 1204 1481 Carthaginem
1242 1405 1517 1487 delatum,
1557 1403 1797 1481 publice*
1832 1408 2155 1483 comproba-

358 1514 481 1560 tum
506 1512 618 1559 est.·
694 1501 794 1558 Sic
835 1500 1127 1558 Hannibal
1168 1499 1353 1558 minor
1393 1499 1641 1575 quinque
1669 1513 1726 1559 et
1754 1501 1955 1578 viginti
1995 1502 2155 1560 annis

362 1609 530 1656 natus
578 1597 882 1673 imperator
931 1597 1134 1669 factuS,
1181 1596 1438 1672 proximo
1489 1596 1737 1653 triennio
1783 1616 1980 1653 omnes
2020 1616 2155 1674 gen-

249 1694 323 1751 15
359 1705 448 1752 tes
500 1686 795 1769 Hispaniae
850 1691 1000 1751 bello
1052 1691 1296 1769 subegit.
1430 1691 1773 1771 Saguntum,
1830 1693 2156 1776 soederatam

362 1788 670 1860 civitatem,
698 1788 753 1844 vi
786 1787 1170 1863 expugnavit:
1211 1800 1328 1845 tres
1368 1787 1651 1845 exercitus
1691 1787 1968 1845 maximos
2006 1807 2158 1846 com-

362 1886 595 1963 paravit.
677 1886 767 1943 Ex
806 1885 897 1943 his
938 1904 1116 1942 unum
1157 1885 1216 1942 in
1245 1886 1504 1953 Africam
1544 1885 1718 1958 misit,
1747 1887 1988 1945 alterum
2023 1906 2157 1945 cum

363 1982 724 2040 Hasdrubale
766 1983 935 2039 fratre
976 1981 1036 2039 in
1079 1980 1365 2057 Hispania
1404 1981 1648 2057 reliquit,
1689 1982 1919 2040 tertium
1958 1982 2019 2041 in
2046 1982 2159 2041 Ita·

360 2078 494 2135 liam
535 2095 730 2135 secum
771 2076 949 2134 duxit.
973 2098 994 2138 μ
1034 2076 1257 2134 Saltum
1299 2076 1636 2151 Pyrenaeum
1676 2077 1914 2138 transiit.
1995 2076 2158 2143 Qua-

243 2174 323 2232 20
363 2190 588 2247 cunque
631 2173 736 2228 iter
775 2171 932 2242 fecit,
962 2157 1094 2228 cum
1132 2171 1401 2229 omnibus
1440 2171 1643 2230 incolis
1671 2174 1956 2245 conflixit3
1998 2194 2156 2233 nem-

361 2268 535 2339 inem,
562 2265 676 2323 nisi
703 2266 935 2339 victum,
965 2266 1195 2324 dimisit.
1258 2267 1355 2323 Ad
1383 2267 1563 2343 Alpes
1588 2281 1953 2346 posteaquam
1979 2270 2156 2344 venit,

360 2381 486 2440 quae
529 2360 757 2421 Italiam
801 2363 874 2420 ab
916 2361 1104 2421 Gallia
1151 2363 1481 2439 sejungunt,
1509 2382 1650 2439 quas
1696 2385 1866 2426 nemo
1906 2384 2157 2443 unquam

362 2478 496 2542 curn
522 2459 777 2526 exercitu
807 2472 938 2519 ante
959 2478 1111 2532 eum,
1132 2472 1336 2536 praeter
1354 2459 1667 2518 Herculem
1693 2462 1953 2536 Graium,
1981 2475 2157 2522 trans-

364 2556 506 2614 ierat
555 2554 694 2631 (quo
723 2551 899 2613 'facto
951 2556 999 2612 is
1053 2555 1222 2613 hodie
1277 2557 1454 2642 saltus
1507 2556 1714 2614 Graius
1771 2559 2148 2637 appellatur):

244 2653 324 2709 25
363 2651 602 2727 Alpicos
648 2663 924 2710 conantes
969 2651 1270 2727 prohibere
1313 2652 1552 2710 transitu
1595 2651 1867 2727 concidit,
1895 2655 2025 2713 loca
2064 2673 2158 2731 pa-

361 2747 575 2820 tefecit,
616 2745 823 2804 itinera
861 2745 1087 2818 muniit,
1130 2747 1322 2807 effecit
1368 2747 1554 2827 [que],
1602 2760 1667 2807 ut
1710 2746 1781 2806 ea
1821 2750 2159 2827 elephantus

360 2854 594 2902 ornatus
642 2841 724 2900 ire
766 2854 975 2918 posset,
1024 2840 1138 2918 qua
1182 2856 1352 2903 antea
1391 2863 1542 2901 unus
1584 2846 1752 2904 homo
1793 2844 2025 2904 inermis
2061 2846 2160 2904 vix

360 2950 581 3014 poterat
631 2957 844 3015 repere.
953 2936 1086 2996 Hac
1139 2939 1336 3015 copias
1389 2939 1659 3014 traduxit,
1707 2941 1767 2999 in
1822 2941 2155 3017 Italiamque

270 3079 328 3118 3-
360 3035 634 3109 pervenit.
929 3030 936 3037 ’
1055 3093 1060 3098 ,
1266 3080 1271 3086 .

247 3130 326 3188 30
440 3129 547 3187 IV.
629 3130 978 3189 Conflixerat
1021 3131 1170 3205 apud
1220 3129 1570 3188 Rhodanum
1613 3150 1748 3189 cum
1795 3134 1859 3191 P.
1888 3132 2158 3192 Cornelio

366 3224 658 3302 Scipione,
687 3226 957 3299 Consule,
985 3244 1227 3300 eumque
1256 3225 1564 3301 pepulerat.
1648 3227 1798 3285 Cum
1826 3230 1937 3287 hoc
1956 3229 2159 3300 eodem

366 3322 438 3379 de
478 3319 758 3379 Clastidio
805 3322 954 3398 apud
995 3321 1214 3377 Padum
1260 3321 1550 3382 decernit:
1608 3322 1867 3381 saucium
1911 3324 2046 3382 inde
2089 3342 2160 3381 ac

365 3420 621 3496 fugatum
649 3415 896 3475 dimittit.
976 3415 1180 3475 Tertio
1208 3413 1360 3475 idem
1391 3419 1587 3495 Scipio
1610 3437 1744 3476 cum
1793 3418 2016 3496 collega
2056 3417 2159 3476 'ri-
