2492 4207
312 233 390 292 84
959 230 963 240 ’
1135 238 1488 311 EUMENES.

430 402 491 459 in
520 400 772 458 Mediam
810 400 1120 457 hiematum
1168 400 1362 476 coegit
1407 400 1624 458 redire·
1692 399 1824 476 Ipse
1870 400 1931 458 in
1972 401 2218 461 finitima

430 498 660 574 regione
687 490 937 554 Persidis
964 497 1274 555 hiematum
1302 497 1497 573 copias
1522 497 1732 570 divisit,
1780 517 1895 561 non
1931 508 1994 555 ut
2022 499 2216 572 voluit,

429 591 530 651 sed
556 606 620 652 ut
646 593 888 677 militum
914 595 1157 670 cogebat
1183 595 1458 651 voluntas.
1541 591 1805 669 Namque
1842 593 1941 651 illa
1965 594 2215 669 phalanx

430 690 747 749 Alexandri
772 691 984 767 magni,
1012 694 1136 773 quae
1181 689 1382 747 Asiam
1427 689 1776 766 peragrarat,
1820 689 2217 763 deviceratque

350 787 392 843 5
431 785 653 860 Persae,
681 787 995 845 inveterata
1021 804 1202 861 quum,
1222 785 1423 861 gloria,
1451 796 1572 843 tum
1600 785 1773 843 etiam
1819 783 2073 856 licentia,
2100 802 2217 840 non

427 900 626 959 parere
660 901 733 947 >se
779 882 1040 954 ducibuS,
1079 881 1179 938 sed
1226 880 1505 956 imperare
1550 880 1909 956 postulabat:
1952 891 2017 936 ut
2063 896 2219 936 nunc

428 975 681 1034 veterani
704 974 921 1034 faciunt
936 976 1128 1034 nostri.
1211 974 1412 1050 Itaque
1428 975 1754 1051 periculum
1766 985 1872 1047 est,
1889 994 1962 1032 ne
1985 974 2219 1046 faciant,

428 1074 578 1148 quod
607 1072 688 1129 illi
715 1073 973 1130 fecerunt
999 1056 1103 1129 sua
1144 1071 1581 1147 intemperantia
1629 1070 1918 1145 nimiaque
1964 1068 2221 1141 licentia,

431 1179 494 1225 ut
519 1167 712 1227 omnia
724 1167 984 1243 perdant,
1006 1158 1190 1242 neque
1209 1163 1402 1225 minus
1416 1186 1534 1240 eos,
1557 1185 1690 1223 cum
1705 1165 1912 1241 quibus
1935 1163 2216 1237 steterint,

320 1264 393 1321 10
432 1261 602 1338 quam
649 1260 917 1320 adversus
965 1281 1104 1343 quos
1157 1261 1413 1319 fecerint.
1509 1258 1691 1324 Quod
1738 1261 1787 1319 si
1828 1260 1955 1336 quis
1998 1260 2223 1317 illorum

431 1368 824 1424 veteranorum
853 1356 1005 1432 legat
1034 1357 1205 1428 sacta,
1234 1356 1397 1431 paria
1423 1357 1626 1414 horum
1649 1367 1991 1434 cognoscat:
2036 1374 2222 1429 neque

429 1470 551 1509 rem
579 1451 771 1524 ullam,
800 1451 912 1508 nisi
939 1463 1182 1526 tempuS,
1212 1451 1488 1524 interesse
1516 1452 1754 1527 judicet.
1839 1451 1956 1508 Sed
1999 1451 2071 1507 ad
2100 1450 2224 1509 illos

430 1557 693 1615 revertar.
776 1545 1038 1604 Hiberna
1059 1550 1416 1622 sumpserant
1441 1565 1557 1604 non
1602 1546 1674 1623 ad
1710 1565 1876 1604 usum
1925 1546 2078 1618 belli,
2124 1546 2225 1602 sed

432 1642 505 1698 ad
532 1641 781 1717 ipsorum
807 1642 1126 1712 luxuriam;
1189 1639 1472 1718 longeque
1526 1641 1673 1699 inter
1720 1662 1781 1699 se
1825 1641 2222 1700 discesserant.

320 1737 394 1793 15
433 1735 564 1794 Hoc
611 1736 936 1813 Antigonus
987 1756 1161 1812 quum
1215 1729 1602 1812 comperisset,
1646 1736 2119 1812 intelligeretque,
2164 1756 2225 1793 se

431 1849 625 1908 parem
653 1851 768 1891 non
795 1852 920 1890 esse
960 1832 1174 1908 paratis
1222 1823 1579 1906 adversariis,
1618 1832 1814 1911 statuit
1856 1822 2068 1907 aliquid
2117 1831 2226 1889 sibi

433 1927 657 1985 consilii
683 1928 814 1986 novi
841 1948 967 1986 esse
996 1928 1357 2005 capiendum.
1396 1966 1399 1971 -
1439 1928 1584 1986 Duae
1625 1942 1790 1987 erant
1829 1928 1952 2001 viae,
2000 1925 2113 2002 qua
2156 1946 2227 1985 ex

436 2021 645 2095 Medis,
672 2023 773 2079 ubi
800 2023 1230 2095 illehiemabat,
1260 2025 1331 2080 ad
1369 2025 1814 2095 adversariorum
1857 2014 2230 2081 hibernacula

431 2129 622 2193 posset
672 2118 971 2192 perveniri.
1052 2117 1340 2182 Quarum,
1373 2108 1592 2175 brevior
1632 2138 1745 2193 per
1797 2120 1926 2176 loca
1977 2120 2223 2191 deserta,

317 2212 397 2270 20
434 2229 558 2286 quae
611 2230 779 2268 nemo
832 2211 1117 2268 incolebat
1166 2220 1393 2286 propter
1448 2230 1605 2285 aquae
1654 2212 1923 2287 inopiam,
1953 2212 2229 2271 caeterum

436 2306 658 2379 dierum
682 2317 805 2364 erat
831 2303 948 2362 fere
997 2306 1232 2384 decem3
1276 2304 1374 2361 illa
1421 2316 1631 2378 autem,
1680 2305 1793 2381 qua
1811 2366 1814 2370 ,
1834 2324 2033 2364 omnes
2076 2326 2231 2368 com-

437 2402 722 2474 meabant,
778 2389 954 2459 altero
1004 2411 1164 2459 tanto
1211 2400 1526 2477 longiorem
1578 2401 1823 2459 habebat
1870 2402 2228 2474 anfractum;

438 2499 541 2557 sed
569 2507 690 2556 erat
716 2496 964 2573 copiosa,
991 2483 1359 2572 omniumque
1386 2515 1575 2555 rerum
1599 2498 1935 2565 abundans.
2018 2498 2154 2557 Hac
2181 2500 2229 2556 si

436 2593 908 2671 proficisceretur,
937 2592 1312 2670 intelligebat,
1340 2590 1498 2668 prius
1538 2591 1886 2652 adversarios
1926 2594 2231 2653 rescituros

322 2690 401 2768 25
440 2689 513 2747 de
539 2707 642 2746 suo
664 2688 931 2768 adventu,
977 2686 1148 2763 quarn
1197 2667 1318 2764 ipse
1359 2689 1584 2746 tertiam
1629 2701 1847 2764 partem
1890 2690 2232 2750 confecisset

440 2775 701 2853 itineris3
764 2783 853 2840 sin
904 2802 1005 2859 per
1057 2783 1187 2840 loca
1237 2783 1359 2841 sola
1410 2784 1801 2858 contenderet,
1858 2787 2121 2862 sperabat
2172 2804 2231 2843 se

439 2879 856 2955 imprudentem
883 2878 1103 2936 hostem
1128 2896 1544 2954 oppressurum.
1627 2878 1724 2936 Ad
1741 2882 1895 2939 hanc
1940 2901 2060 2941 rem
2101 2900 2233 2939 con-

438 2974 745 3033 ficiendam
774 2972 1088 3049 imperavit,
1119 2970 1292 3048 quam
1337 2973 1611 3049 plurimos
1657 2987 1813 3034 utres
1853 2987 2018 3052 'atque
2060 2975 2232 3034 etiam

441 3070 656 3129 culleos
682 3068 1034 3145 comparari:
1076 3079 1201 3145 post
1228 3069 1354 3126 haec
1379 3068 1673 3143 pabulum,
1718 3083 1991 3147 praeterea
2016 3068 2234 3127 cibaria

326 3149 404 3222 30
444 3146 609 3223 cocta
634 3165 855 3226 dierum
882 3165 1103 3236 decem,
1152 3174 1216 3243 ut
1262 3159 1434 3238 quam
1484 3164 1723 3223 minime
1771 3166 1930 3229 fieret
1970 3163 2121 3240 ignis
2170 3164 2230 3222 in

442 3258 660 3317 castris.
742 3260 878 3333 Iter,
902 3257 1055 3336 ‘quod
1083 3258 1352 3331 habebat,
1380 3277 1580 3319 omnes
1607 3262 1770 3319 celat.
1854 3259 1954 3316 Sic
1977 3269 2230 3335 paratus,

448 3351 561 3432 qua
587 3355 975 3428 constituerat,
1002 3353 1397 3431 proficiscitur.
2055 3421 2061 3429 ι

523 3448 631 3507 ΙΧ.
712 3449 1031 3509 Dimidium
1094 3448 1212 3508 fere
1263 3450 1508 3526 spatium
1547 3452 1891 3523 confecerat,
1938 3467 2113 3526 quum
2163 3469 2236 3509 ex
