2492 4207
1031 230 1415 281 TIMOLEON.
2143 221 2216 279 93

337 407 371 446 a
396 387 777 449 fundamentis
804 388 1059 465 disjecit3
1100 402 1309 448 caetera
1333 390 1646 466 tyrannidis
1680 391 2103 467 propugnacula

333 483 630 542 demolitus
657 494 763 555 est,
792 483 1054 559 deditque
1081 502 1331 559 operam,
1360 496 1422 542 ut
1447 483 1617 560 quam
1651 485 1884 543 minime
1928 487 2104 545 multa

329 578 567 656 vestigia
586 577 868 636 servitutis
888 591 1201 637 manerent.
1281 579 1484 641 Quum
1510 580 1681 638 tantis
1701 593 1848 639 esset
1882 582 2102 657 opibuS‚

327 684 390 731 ut
416 673 589 730 etiam
618 672 806 731 invitis
833 673 1108 749 imperare
1134 686 1342 750 posset,
1370 685 1593 732 tantum
1642 687 1827 732 autem
1873 677 2105 733 haberet

329 754 579 839 amorem
605 768 855 826 omnium
884 769 1224 843 Siculorum,
1242 781 1323 843 ut,
1350 770 1506 827 nullo
1526 782 1846 843 recusante,
1867 790 2102 847 regnum
2140 772 2181 827 5

325 863 627 937 obtineret,
668 864 866 922 maluit
893 864 1163 940 sediligi,
1191 863 1360 941 quam
1397 864 1589 945 metui.
1673 863 1890 939 Itaque,
1932 877 2110 940 quum'

326 957 569 1034 primum
594 960 793 1035 potuit,
822 959 1120 1035 imperium
1147 960 1425 1037 deposuit,
1446 971 1505 1017 et
1523 959 1773 1034 privatus
1791 954 2105 1033 SyracusiS,

326 1055 472 1130 quod
499 1055 775 1131 reliquum
798 1055 929 1114 vitae
958 1056 1087 1129 fuit,
1112 1040 1265 1114 vixit.
1345 1054 1548 1137 Neque
1569 1054 1800 1112 veroid
1846 1040 2103 1130 imperite

328 1150 480 1211 fecit.
560 1151 716 1209 Nam
757 1153 907 1228 quod
947 1153 1138 1210 caeteri
1177 1171 1341 1228 reges
1369 1135 1603 1227 imperio
1641 1163 1963 1227 potuerunt,
2011 1151 2107 1209 hic

325 1246 719 1306 benevolentia
744 1248 945 1309 tenuit.
1028 1234 1238 1307 Nullus
1267 1249 1445 1307 honos
1487 1247 1623 1305 huic
1660 1248 1875 1318 defuit3
1918 1267 2103 1323 neque
2147 1248 2222 1305 10

323 1354 518 1418 postea
542 1362 633 1401 res
654 1344 772 1400 ulla
800 1334 1096 1418 Syracusis
1121 1356 1283 1420 gesta
1308 1356 1395 1401 est
1419 1340 1670 1419 publice,
1700 1343 1769 1399 de
1811 1343 1923 1419 qua
1947 1341 2106 1419 prius

324 1437 397 1495 sit
450 1439 762 1510 decretum,
810 1430 977 1513 quam
1045 1438 1424 1498 Timoleontis
1485 1438 1782 1496 ‘sententia
1853 1437 2101 1514 cognita.

323 1531 552 1591 Nullius
579 1553 824 1609 unquam
852 1534 1151 1593 consilium
1178 1555 1295 1593 non
1323 1531 1492 1591 modo
1524 1534 1851 1605 antelatum,
1889 1534 1988 1590 sed
2029 1552 2103 1590 ne

322 1642 706 1705 comparatum
733 1629 961 1706 quidem
989 1642 1091 1688 est.
1128 1654 1132 1658 ·
1175 1624 1381 1705 Neque
1410 1627 1468 1683 id
1496 1627 1680 1704 magis
1711 1627 2104 1686 benevolentia

324 1724 537 1783 factum
563 1738 670 1799 est,
699 1725 868 1802 quam
895 1723 1216 1805 prudentia.
2146 1723 2221 1781 15

367 1820 498 1878 »IV.
579 1821 697 1878 Hic
723 1839 896 1895 quum
925 1831 1091 1877 aetate
1113 1819 1231 1893 jam
1258 1830 1557 1894 provectus
1602 1830 1770 1890 esset,
1822 1818 1943 1909 sine
1990 1819 2104 1875 ullo

214 1892 221 1934 ξ
319 1917 513 1973 morbo
539 1915 756 1971 lumina
781 1914 1074 1985 oculorum
1104 1911 1306 1969 amisit.
1388 1912 1584 1974 Quam
1611 1911 1990 1969 calamitatem
2027 1912 2106 1969 ita

320 2007 607 2069 moderate
636 2008 782 2080 tulit,
811 2019 875 2065 ut
901 2026 1086 2082 neque
1114 2026 1245 2064 eum
1273 2017 1602 2082 querentem
1630 2006 1923 2082 quisquam
1952 1984 2107 2063 audi-

319 2107 444 2180 erit,
473 2103 752 2181 neque-eo
782 2100 970 2162 minus
997 2101 1227 2179 privatis
1272 2099 1625 2180 publicisque
1663 2102 1831 2162 rebus
1874 2101 2103 2160 interfu-

317 2202 440 2261 erit.
521 2200 805 2259 Veniebat
834 2211 1020 2257 autem
1048 2199 1106 2256 in
1135 2201 1436 2272 theatrum,
1465 2219 1636 2275 quum
1673 2198 1754 2255 ibi
1796 2197 2103 2256 concilium
2139 2198 2224 2255 20

317 2297 509 2375 populi
536 2296 857 2368 haberetur,
899 2306 1123 2370 propter
1158 2279 1548 2352 ⁴valetudinem
1595 2304 1790 2352 vectus
1831 2292 2103 2369 jumentis

312 2392 547 2468 junctis,
572 2403 738 2465 atque
767 2390 847 2447 ita
873 2390 945 2455 de
971 2389 1253 2460 vehiculo,
1281 2406 1405 2463 quae
1457 2388 1809 2459 videbantur,
1832 2386 2057 2444 dicebat
2080 2408 2094 2456 ;

317 2507 500 2563 neque
529 2488 639 2544 hoc
660 2484 741 2542 illi
762 2471 1058 2560 quisquam
1077 2482 1364 2552 tribuebat
1386 2480 1704 2557 superbiae„
1766 2480 1927 2537 Nihil
1948 2481 2102 2536 enim

317 2599 565 2656 unquam
609 2598 794 2655 neque
842 2579 1092 2636 insolens
1138 2596 1323 2652 neque
1365 2575 1671 2652 gloriosum
1717 2594 1789 2631 ex
1838 2593 1934 2632 ore
1979 2575 2102 2651 ejus

318 2661 472 2733 exiit.
552 2667 676 2736 Qui
700 2673 950 2749 quidem,
979 2691 1152 2747 quum
1176 2691 1307 2742 suas
1329 2672 1526 2728 laudes
1550 2669 1768 2728 audiret
1783 2670 2097 2746 praedicari,
2137 2672 2215 2728 25

319 2789 608 2845 nunquam
659 2768 809 2827 aliud
862 2766 1025 2840 dixit,
1071 2766 1240 2842 quam
1290 2786 1350 2823 se
1398 2765 1458 2822 in
1504 2765 1575 2821 ea
1603 2753 1662 2822 5re
1688 2765 1962 2822 maximas
1990 2763 2098 2821 diis

317 2863 527 2943 gratias
555 2884 720 2941 agere
738 2876 915 2939 ⁴atque
936 2849 1172 2935 habere,
1200 2859 1372 2934 quod,
1418 2867 1590 2936 quum
1633 2859 1889 2917 Siciliam
1919 2878 2101 2917 recre-

319 2980 412 3019 are
439 2949 883 3032 constituissent,
911 2970 1032 3016 tum
1061 2976 1120 3015 se
1149 2953 1503 3032 potissimum
1530 2955 1735 3011 ducem
1776 2972 1902 3010 esse
1949 2954 2099 3011 volu-

317 3056 509 3115 issent.
616 3053 777 3112 Nihil
832 3053 984 3111 enim
1031 3071 1219 3110 rerum
1275 3053 1648 3108 humanarum
1696 3048 1819 3106 sine
1864 3050 2096 3108 deorum

315 3152 550 3211 numine
602 3150 726 3228 geri
790 3150 1038 3225 putabat.
1145 3135 1346 3222 Itaque
1420 3165 1535 3216 suae
1604 3144 1757 3202 domi
1827 3145 2093 3220 sacellum
2132 3146 2211 3203 30

316 3248 662 3309 Ἀυτῠματίᾱς
689 3244 1078 3316 constituerat,
1105 3244 1275 3319 idque
1304 3238 1659 3303 sanctissime
1687 3237 1923 3306 colebat.

368 3342 463 3399 JV.
546 3341 642 3400 Ad
669 3342 822 3399 hanc
870 3340 1112 3398 hominis
1158 3339 1532 3396 excellentem
1579 3335 1886 3393 bonitatem
1931 3335 2094 3392 mira-

318 3436 460 3496 biles
487 3447 855 3497 accesserunt
879 3454 1063 3493 casus,
1144 3433 1298 3492 Nam
1323 3431 1522 3509 proelia
1541 3429 1786 3488 maxima
1805 3428 1980 3490 natali
2000 3426 2093 3482 die
