2492 4207
335 264 414 324 86
1160 269 1510 322 EUMENES.

444 432 726 491 exercitus
750 430 806 488 ei
828 442 916 490 ‘ter
944 429 1099 504 ante,
1143 430 1416 507 separatis
1458 429 1821 505 temporibus,
1856 430 2123 506 jurasset,
2160 449 2221 489 se

443 545 575 585 eum
603 527 989 599 defensurum,
1017 514 1128 584 nec
1166 545 1418 601 unquam
1455 525 1824 584 deserturum.
1906 519 2023 584 Sed
2064 538 2225 586 tanta

446 622 554 680 fuit
579 623 980 681 nonnullorum
1020 621 1240 680 virtutis
1265 620 1619 693 obtrectatio,
1648 632 1712 679 ut
1755 621 1927 678 fidem
1970 621 2226 694 amittere

442 718 694 792 mallent,
721 716 893 794 quam
918 736 1049 775 eum
1075 735 1190 775 non
1216 717 1472 793 prodere.
1554 717 1746 792 Atque
1787 718 1943 774 hunc
1985 717 2225 793 Antigo-

362 813 403 870 5
440 832 570 886 nus,
596 822 770 890 quum
794 813 851 872 ei
879 812 1077 871 fuisset
1111 797 1530 885 infestissimuS,
1579 813 1988 885 conservasset,
2032 812 2081 870 si
2123 831 2224 888 per

439 929 573 985 suos
597 920 748 968 esset
770 908 1009 980 licitum,
1036 905 1190 982 quod
1211 908 1284 965 ab
1310 908 1466 966 nullo
1492 926 1555 964 se
1594 902 1724 982 plus
1767 906 2021 983 adjuvari
2060 926 2224 983 posse

443 1005 796 1081 intelligebat
822 1003 882 1060 in
911 1003 1000 1061 his
1037 1004 1228 1077 rebus,
1256 1022 1396 1079 quas
1423 1003 1750 1079 impendere
1771 1002 1890 1079 jam
1924 1002 2228 1078 apparebat

439 1101 719 1161 omnibus.
826 1097 1213 1157 Imminebant
1264 1098 1419 1157 enim
1483 1099 1779 1172 Seleucus,
1835 1097 2229 1172 Lysimachus,

441 1196 798 1266 Ptolemaeus,
851 1193 1053 1269 opibus
1101 1194 1217 1270 jam
1272 1194 1523 1252 valentes
1546 1214 1560 1263 ;
1614 1211 1746 1251 cum
1797 1193 2003 1268 quibus
2053 1193 2109 1250 ei
2157 1193 2231 1250 de

330 1290 404 1349 10
442 1289 873 1349 summisfrebus
894 1299 1018 1346 erat
1037 1288 1443 1346 dimicandum.
1528 1289 1642 1347 Sed
1671 1307 1787 1347 non
1814 1289 1965 1364 passi
2006 1301 2141 1347 sunt
2166 1289 2229 1346 hi

440 1385 537 1460 qui
563 1383 723 1442 circa
745 1395 941 1452 erant3
983 1381 1135 1458 quod
1164 1384 1453 1456 videbant,
1482 1384 1743 1443 Eumene
1763 1396 2013 1461 recepto,
2030 1392 2233 1444 omnes

440 1498 557 1556 prae
584 1480 681 1539 illo
708 1480 867 1555 parvi
895 1464 1128 1537 futuros.
1211 1478 1345 1555 Ipse
1373 1490 1563 1538 autem
1592 1481 1919 1557 Antigonus
1934 1477 2086 1539 adeo
2113 1490 2236 1538 erat

439 1575 729 1648 incensus,
758 1585 821 1633 ut
850 1573 962 1632 nisi
1007 1574 1237 1652 magna'
1268 1594 1367 1650 spe
1409 1574 1786 1632 maximarum
1828 1580 2017 1633 rerum
2065 1574 2237 1633 leniri

360 1672 365 1673 ⁷
450 1690 566 1729 non
593 1683 800 1746 posset.
2173 1717 2180 1723 .

331 1767 404 1824 15
496 1812 499 1817 .
520 1765 630 1822 XI.
715 1765 915 1840 Itaque
935 1784 1111 1840 quum
1131 1784 1266 1825 eum
1291 1764 1352 1822 in
1381 1763 1697 1822 custodiam
1723 1763 1990 1836 dedisset,
2018 1774 2078 1821 et
2096 1782 2240 1839 prae-

442 1862 627 1919 fectus
642 1860 945 1918 custodum
965 1860 1281 1936 quaesisset,
1297 1856 1780 1935 'quemadmodum
1794 1838 2010 1917 servari
2022 1858 2195 1918 vellet
2213 1860 2238 1915 'l

440 1965 505 2014 ut
551 1957 900 2028 acam-imum,
936 1955 1140 2031 inquit,
1168 1956 1381 2013 leonem-
1407 1963 1509 2012 aut
1537 1953 1953 2030 saocissimum
1988 1953 2241 2030 elephan-

443 2061 574 2109 tum.
659 2050 933 2110 Nondum
959 2050 1116 2109 enim
1143 2060 1436 2123 statuerat,
1465 2062 1826 2109 conservaret
1846 2069 1997 2123 eum,
2035 2067 2237 2109 necne.

443 2146 729 2203 Veniebat
771 2156 962 2201 autem
1006 2145 1077 2200 ad
1126 2143 1447 2202 Eumenem
1491 2155 1792 2218 utrumque
1839 2164 2022 2219 genus
2065 2144 2241 2203 homi-

324 2243 404 2300 20
442 2258 609 2309 num;
651 2251 710 2296 et
733 2238 833 2313 qui
857 2248 1084 2313 propter
1110 2237 1307 2296 odiu‘m
1328 2238 1576 2295 fructum
1602 2237 1785 2295 oculis
1826 2258 1898 2295 ex
1940 2238 2067 2314 ejus
2103 2258 2241 2298 casu

441 2353 645 2410 capere
671 2333 900 2405 vellent,
928 2343 986 2390 et
1012 2332 1109 2407 qui
1136 2345 1363 2408 propter
1387 2343 1635 2390 veterem
1664 2332 1973 2391 amicitiam
1995 2333 2240 2410 colloqui

443 2429 833 2505 consolarique
874 2441 1189 2505 cuperent3
1248 2428 1413 2487 multi
1454 2419 1647 2501 etiam,
1690 2429 1788 2504 qui
1834 2429 1958 2505 ejus
2002 2429 2237 2488 sormam

444 2544 793 2602 cognoscere
821 2525 1147 2597 studebant,
1174 2524 1360 2600 qualis
1374 2537 1544 2597 esset,
1573 2544 1742 2599 quem
1770 2525 1986 2582 tamdiu
2007 2538 2233 2601 tamque

446 2621 609 2678 valde
635 2620 977 2691 timuissent,
1007 2619 1173 2695 cujus
1200 2620 1260 2678 in
1282 2620 1536 2696 pernicie
1573 2620 1814 2696 positam
1863 2640 2021 2697 spem
2064 2621 2239 2678 habu-

327 2718 407 2775 25
446 2715 621 2774 issent
648 2714 913 2773 vic-toriae.
996 2716 1078 2773 At
1105 2714 1416 2788 Eumenes,
1440 2734 1614 2790 quum
1641 2713 1858 2774 diutius
1892 2715 1951 2773 in
1997 2715 2239 2775 vinculis

443 2823 615 2885 esset,
644 2810 724 2869 ait
748 2809 1345 2887 Onomarcho,‘penes
1370 2830 1540 2887 quem
1585 2823 1807 2869 summa
1853 2812 2079 2889 imperii
2121 2823 2241 2870 erat

445 2906 741 2978 custodiae,
769 2926 824 2964 se
850 2907 1072 2979 mirari,
1102 2926 1278 2983 quare
1303 2895 1434 2983 jam
1477 2907 1702 2964 tertium
1743 2906 1887 2965 diem
1928 2910 2009 2967 sic
2039 2916 2241 2966 tenere-

448 3013 542 3061 tur
557 3024 578 3058 .-
618 3022 729 3060 non
755 3003 896 3059 enim
924 3002 1025 3060 Ιιοο
1053 3003 1343 3060 convenire
1368 3001 1657 3077 Antigoni
1690 3004 2031 3078 prudentiae,
2068 3010 2132 3058 ut
2159 3003 2242 3060 sic

447 3098 764 3158 deuter-etur
809 3098 958 3155 victo
978 3119 1000 3162 ,-
1042 3099 1181 3174 quin
1234 3106 1336 3156 aut
1381 3097 1649 3174 interfici,
1701 3108 1803 3157 aut
1825 3092 2067 3156 'missum
2095 3097 2245 3173 fieri

330 3193 409 3253 30
427 3191 671 3267 juberet.
754 3193 872 3251 Hic
897 3211 1071 3267 quum
1100 3191 1348 3251 ferocius
1373 3191 1743 3253 Onomarcho
1762 3192 1912 3268 loqui
1930 3181 2241 3268 videretur,

455 3285 661 3354 Quid?
703 3297 785 3360 tu,
814 3287 1017 3363 inquit,
1046 3288 1230 3368 animo
1260 3288 1311 3346 si
1333 3290 1444 3346 isto
1471 3309 1618 3363 eras,
1649 3310 1748 3347 cur
1787 3307 1896 3345 non
1943 3289 2004 3345 in
2032 3290 2244 3364 proelio

451 3382 704 3441 cecidisti
747 3382 969 3458 Ροίίὑε,
1019 3381 1187 3459 ςαιὶηι
1238 3383 1300 3439 in
1331 3393 1666 3459 potestatem
1699 3383 1916 3440 inimici
1976 3382 2191 3442 venires
2217 3387 2243 3440 ?

454 3478 612 3537 Huic
639 3478 949 3554 Eumenes,
989 3478 1223 3538 Utinam
1250 3480 1470 3557 quidem
1490 3480 1650 3539 istud
1680 3480 1984 3539 evenisset!
2027 3479 2211 3557 inquit
2224 3507 2242 3551 ‚-
