2492 4207
318 255 394 312 20
1107 259 1512 310 PAUSANIAS.

432 442 582 495 rans,
612 440 673 479 se
714 421 887 480 etiam
938 430 1059 478 tum
1110 420 1358 497 pecunia
1410 432 1466 479 et
1510 418 1765 496 potentia
1807 419 2027 478 instans
2066 420 2215 497 peri·

1173 516 1402 575 domum
1429 514 1611 574 rediit.
1694 515 1830 573 Huc
1858 526 1922 574 ut
1941 515 2118 589 venit,
2143 516 2214 574 ab

1154 612 1269 670 lica
1310 612 1604 688 conjectus
1648 622 1750 669 est.
1832 610 2000 670 Licet
2037 611 2216 681 enirn,

1154 708 1403 784 Ephoro,
1446 709 1555 767 hoc
1598 709 1786 766 facere
1832 707 1973 784 regi.
2057 707 2218 766 Hinc

1154 827 1280 882 ique
1307 805 1376 865 eo
1404 807 1588 884 magis
1614 803 1849 867 carebat
1868 807 2213 884 suspicione.

1154 923 1270 962 ium
1286 924 1418 963 cum
1440 904 1606 981 Rege
1625 903 1836 961 habere
1864 903 2214 963 societatem.

1154 1002 1448 1077 lominum,
1495 1001 1644 1077 quod
1689 999 1928 1059 Helotes
1962 1013 2216 1076 vocatur,

1154 1100 1225 1158 do
1254 1117 1418 1175 agros
1456 1097 2020 1156 Lacedaemoniorum
2061 1097 2215 1172 colit,

1154 1195 1418 1270 fungitur.
1500 1193 1626 1252 Hos
1667 1212 1887 1270 quoque
1936 1193 2217 1253 solicitare

1154 1292 1336 1349 batur.
1421 1290 1537 1346 Sed
1584 1288 1737 1366 quod
1784 1290 1984 1347 harum
2032 1309 2219 1348 rerum

1154 1386 1349 1458 rimen,
1377 1404 1489 1460 quo
1517 1385 1678 1461 argui
1702 1396 1914 1461 posset,
1961 1404 2076 1443 non
2119 1404 2221 1462 pu-

1162 1483 1316 1540 claro
1343 1481 1463 1539 viro
1499 1480 1920 1557 suspicionibus
1965 1492 2222 1558 oportere

1154 1596 1251 1650 rm,
1279 1578 1417 1634 dum
1443 1595 1505 1634 se
1533 1575 1657 1652 ipsa
1682 1594 1774 1634 res
1807 1576 2064 1652 aperiret.

516 1672 621 1730 IV.
704 1673 942 1733 Interim
971 1670 1227 1750 Argilius
1253 1672 1504 1748 quidam,
1536 1672 2011 1745 adolescentulus,
2053 1690 2223 1748 quem

329 1770 401 1828 15
439 1788 677 1845 puerum
706 1769 1019 1828 Pausanias
1048 1787 1236 1827 amore
1255 1786 1498 1826 venereo
1514 1767 1810 1841 dilexerat,
1828 1787 2001 1844 quum
2017 1767 2220 1844 episto-

438 1866 552 1923 lam
581 1866 653 1924 ab
675 1885 744 1925 eo
771 1866 842 1924 ad
871 1865 1229 1924 Artabazum
1259 1863 1593 1940 accepisset,
1637 1864 1802 1939 eique
1851 1863 1910 1922 in
1954 1863 2223 1941 suspicio-

440 1980 573 2019 nem
600 1961 866 2035 venisset,
897 1961 1108 2038 aliquid
1136 1960 1197 2018 in
1225 1961 1296 2019 ea
1339 1961 1410 2018 de
1458 1979 1519 2018 se
1566 1979 1692 2018 esse
1735 1960 2027 2036 scriptum,
2075 1957 2224 2036 quod

442 2075 610 2115 nemo
636 2077 831 2116 eorum
858 2057 1139 2130 rediisset,
1168 2057 1266 2132 qui
1293 2076 1460 2133 super
1487 2055 1588 2115 tali
1616 2055 1788 2115 causa
1816 2053 2022 2114 eodem
2068 2055 2225 2115 missi

425 2162 622 2218 ·erant‚
651 2153 878 2208 vincula
904 2151 1154 2227 epistolae
1200 2152 1432 2225 laxavit,
1480 2151 1753 2229 signoque
1800 2151 2059 2209 detracto'
2095 2170 2227 2228 cog·

328 2248 407 2305 20
445 2247 618 2319 novit,
666 2246 714 2304 si
755 2248 1097 2323 pertulisset,
1146 2246 1257 2305 sibi
1298 2266 1425 2305 esse
1471 2240 1842 2324 pereundum.
1943 2245 2124 2304 Erant
2165 2247 2225 2304 in

444 2342 646 2400 eadem
672 2342 927 2418 epistola,
957 2361 1080 2418 quae
1108 2342 1180 2399 ad
1207 2362 1279 2400 ea
1293 2342 1675 2419 pertinebant,
1693 2362 1817 2420 quae
1835 2342 1980 2401 inter
2001 2342 2226 2419 Regem

443 2438 897 2516 Pausaniamque
941 2452 1342 2498 convenerant.
1426 2439 1551 2498 Has
1592 2439 1688 2497 ille
1729 2440 1946 2497 litteras
1987 2438 2230 2516 Ephoris

443 2535 691 2594 tradidit.
772 2534 907 2594 Non
935 2547 1021 2593 est
1060 2536 1456 2611 praetereunda
1482 2534 1729 2612 gravitas
1773 2534 2230 2593 Lacedaemonio-

445 2650 569 2687 rum
596 2632 706 2688 hoc
732 2631 873 2689 1000.
957 2629 1111 2687 Nam
1139 2650 1212 2688 ne
1251 2631 1422 2708 hujus
1468 2631 1698 2706 quidem
1743 2630 1958 2689 indicio
1998 2630 2225 2708 impulsi

330 2724 408 2783 25
448 2737 597 2797 sunt,
627 2736 689 2783 ut
716 2724 1058 2782 Pausaniam
1087 2728 1635 2804 comprehenderent
1652 2747 1666 2796 3
1709 2745 1895 2800 neque
1933 2723 2090 2802 prius
2116 2726 2224 2783 vim

449 2821 828 2880 adhibendam
844 2833 1203 2897 putaverunt,
1222 2821 1393 2897 quam
1412 2842 1472 2880 se
1489 2821 1610 2899 ipse
1632 2821 1959 2879 indicasset.
2028 2821 2227 2897 Itaque

448 2919 581 2976 huic
633 2917 833 2990 indici,
877 2918 1012 2992 quid
1060 2918 1183 2976 fieri
1236 2920 1464 2992 vellent,
1512 2929 1921 2995 praeceperunt.
2004 2916 2226 2975 Fanum

447 3012 703 3089 Neptuni
730 3025 817 3073 est
853 3013 1107 3086 Taenari,
1140 3017 1290 3089 quod
1337 3014 1534 3073 violari
1573 3014 1736 3073 nefas
1775 3023 1980 3090 putant
2020 3013 2223 3071 Graeci.

447 3107 535 3166 Eo
563 3109 657 3166 ille
696 3110 868 3169 index
914 3109 1204 3185 confugit3
1249 3111 1307 3168 in
1355 3111 1455 3169 arii
1497 3110 1770 3168 consedit.
1855 3109 2028 3167 Hanc
2069 3108 2229 3184 juxta

333 3205 410 3263 30
447 3205 635 3263 locum
664 3205 920 3265 fecerunt
946 3206 1052 3264 sub
1078 3207 1249 3279 terra,
1274 3227 1358 3276 ,ex
1397 3227 1508 3282 quo
1552 3218 1743 3283 posset
1781 3204 1981 3277 audiri,
2025 3203 2073 3262 si
2109 3204 2232 3280 quis

448 3300 581 3377 quid
609 3301 927 3376 loqueretur
954 3322 1086 3362 cum
1108 3303 1347 3378 Argilio.
1431 3302 1566 3360 Huc
1600 3323 1686 3377 ⁵ex
1722 3299 1964 3379 Ephoris
2006 3300 2232 3376 quidam

449 3398 883 3456 descenderunt.
967 3398 1282 3457 Pausanias
1318 3411 1381 3457 ut
1429 3398 1662 3472 audivit,
1712 3396 1997 3473 Argilium
2040 3397 2234 3455 confu-

449 3495 600 3573 gisse
626 3494 685 3553 in
714 3514 889 3569 aram,
915 3497 1274 3572 perturbatus
1311 3494 1382 3553 eo
1412 3495 1582 3554 venit.
1662 3495 1858 3558 Quem
1897 3512 2070 3570 quum
2112 3512 2235 3569 sup-

1205 3608 1226 3640 ὁ

1452 3709 1479 3741 ‚S
