2492 4207
148 261 153 272 ,
181 209 291 265 106
991 214 1375 264 HANNIBAL.

291 374 403 433 imo
431 374 614 433 littore
641 385 805 432 erant
830 374 1123 432 collocata.
1206 373 1469 450 Reliquae
1498 374 1864 451 Pergamenae
1902 394 2078 435 naves

289 489 460 545 quum
491 468 835 527 adversarios
870 457 1193 545 premerent
1221 465 1440 542 acriuS,
1460 467 1694 545 repente
1724 469 1782 527 in
1811 489 1908 528 eas
1944 490 2079 529 vasa

289 565 504 637 fictilia,
552 565 622 621 de
669 564 874 639 quibus
928 561 1098 639 supra
1151 563 1508 634 mentionem
1555 564 1812 638 fecimuS,
1865 565 2077 640 conjici

292 671 478 735 coepta
506 672 653 719 sunt.
734 659 886 721 Quae
909 660 1065 734 jacta
1097 658 1263 717 initio
1285 658 1460 717 risum
1502 660 1886 736 pugnantibus
1925 659 2076 718 exci-

212 757 253 811 5
290 755 500 828 tarunt,
529 774 657 827 nec,
686 769 858 829 quare
886 754 943 809 id
971 753 1150 825 fieret,
1179 765 1399 830 poterat
1435 742 1691 832 intelligi.
1773 749 2074 831 Postquam

290 862 478 908 autem
518 869 692 907 naves
731 849 1039 924 completas
1079 859 1499 924 conspexerunt
1525 849 1902 926 serpentibus,
1931 851 2076 910 nova

287 965 347 1002 re
374 945 673 1021 perterriti,
700 963 894 1019 quum,
923 943 1059 1019 quid
1095 942 1452 1020 potissimum
1480 945 1741 1018 vitarent,
1770 964 1884 1003 non
1927 945 2078 1003 vide·

288 1052 431 1113 rent,
486 1059 700 1116 puppes
753 1050 1095 1112 averterunt,
1138 1058 1310 1114 seque
1353 1040 1421 1096 ad
1463 1058 1567 1097 sua
1607 1053 1795 1099 castra
1843 1040 2077 1099 nautica

284 1136 610 1193 retulerunt.
694 1134 794 1192 Sic
821 1133 1112 1191 Hannibal
1141 1135 1380 1193 consilio
1415 1153 1569 1193 arma
1595 1135 2073 1213 Pergamenorum

176 1230 248 1286 10
286 1230 599 1306 superavit:
642 1248 825 1304 neque
853 1240 973 1286 tum
1002 1225 1205 1302 solum,
1235 1230 1337 1286 sed
1365 1227 1516 1305 saepe
1546 1227 1688 1288 alias
1717 1230 2076 1306 pedestribus

285 1324 461 1399 copiis
487 1324 607 1399 pari
634 1324 937 1400 prudentia
960 1323 1178 1400 pepulit
1205 1324 1573 1383 adversarios,

147 1379 237 1476 ἃ.
363 1416 505 1474 XII.
585 1418 736 1480 Quae
769 1419 905 1490 dum
947 1418 1005 1476 in
1036 1418 1179 1476 Asia
1218 1430 1518 1495 geruntur,
1563 1419 1773 1479 accidit
1812 1409 1970 1494 casu,
2010 1434 2074 1479 ut

283 1513 457 1589 legati
504 1513 718 1571 Prusiae
765 1513 970 1572 Romae
1014 1513 1162 1589 apud
1205 1513 1271 1570 L.
1313 1508 1624 1575 Quintium
1665 1515 2074 1588 Flamininum,

284 1608 676 1682 Consularem,
709 1611 1022 1681 coenaren‘t,
1051 1622 1218 1683 atque
1258 1607 1358 1681 ibi,
1388 1608 1460 1666 de
1501 1607 1833 1667 Hannibale
1874 1610 2078 1668 menti-

173 1705 245 1762 15
281 1722 390 1762 one
430 1704 607 1776 facta,
650 1723 721 1761 ex
763 1704 852 1761 his
899 1723 1047 1761 unus
1088 1703 1323 1776 diceret,
1363 1721 1496 1761 eum
1535 1703 1595 1761 in
1636 1703 1853 1761 Prusiae
1893 1723 2074 1781 regno

281 1818 422 1856 esse.
504 1798 574 1855 Id
595 1809 819 1874 postero
840 1798 933 1855 die
950 1797 1312 1856 Flamininus
1334 1798 1559 1856 senatui
1586 1799 1803 1858 detulit.
1872 1799 2077 1857 Patres

282 1893 607 1969 conscripti,
641 1893 758 1969 qui,
802 1893 1130 1951 Hannibale
1170 1893 1317 1969 vivo,
1345 1912 1639 1969 nunquam
1679 1914 1741 1952 se
1781 1894 1903 1952 sine
1944 1894 2077 1952 insi-

283 1991 392 2050 diis
419 1992 636 2049 futuros
662 1990 1084 2062 existimabant,
1102 1991 1322 2065 legatos
1345 1990 1403 2046 in
1424 1990 1752 2065 Bithyniam
1780 1990 2074 2063 miserunt,

282 2085 340 2143 in
364 2084 452 2143 his
470 2073 875 2156 Flaminin'um,
893 2084 990 2159 qui
1013 2102 1047 2140 a
1061 2102 1196 2158 rege
1215 2094 1495 2158 peterent,
1518 2105 1594 2142 ne
1616 2083 2075 2143 inimicissimum

164 2181 243 2237 20
282 2196 447 2237 suum
501 2196 695 2235 secum
749 2178 1003 2248 haberet,
1045 2175 1265 2250 sibique
1319 2177 1569 2235 dederet.
1681 2178 1791 2236 His
1843 2179 2076 2238 Prusias

280 2291 490 2348 negare
530 2290 700 2329 ausus
742 2289 856 2329 non
896 2281 1019 2339 est3
1063 2269 1203 2328 illud
1243 2270 1547 2344 recusavit,
1590 2291 1664 2330 ne
1693 2272 1748 2329 id
1786 2292 1820 2330 a
1860 2293 1920 2331 se
1948 2274 2072 2332 fieri

278 2369 645 2446 postularent,
686 2367 834 2442 quod
877 2363 1147 2424 adversus
1182 2365 1278 2442 jus
1317 2366 1547 2442 hospitii
1588 2380 1737 2427 esset
1765 2389 1780 2439 ;
1848 2368 1976 2445 ipsi,
2018 2369 2066 2427 si

279 2474 526 2540 possent,
569 2461 1151 2538 comprehenderent;
1192 2463 1401 2535 locum,
1430 2461 1531 2519 ubi
1577 2474 1746 2537 esset,
1776 2462 1944 2522 facile
1987 2464 2071 2522 in-

280 2570 560 2617 venturos.
642 2557 935 2615 Hannibal
963 2557 1116 2615 enim
1150 2577 1267 2616 uno
1293 2559 1419 2616 loco
1463 2577 1524 2616 se
1571 2560 1802 2618 tenebat
1849 2559 1908 2617 in
1950 2579 2072 2618 cas-

158 2655 242 2712 25
279 2654 433 2726 tello,
474 2653 622 2728 quod
663 2651 717 2709 ei
759 2652 831 2710 ab
869 2671 1007 2728 rege
1047 2653 1244 2710 datum
1284 2665 1405 2711 erat
1444 2654 1702 2711 muneri:
1770 2655 1940 2730 idque
1987 2656 2070 2714 sic

278 2748 607 2820 aedificarat,
640 2758 704 2805 ut
744 2746 802 2804 in
842 2747 1106 2805 omnibus
1144 2747 1399 2824 partibus
1438 2748 1666 2806 aedificii
1706 2750 1921 2808 exitum
1962 2750 2069 2809 sibi

280 2844 531 2916 haberet,
572 2861 793 2918 semper
833 2862 1053 2916 verens,
1094 2862 1169 2900 ne
1209 2862 1319 2901 usu
1360 2843 1595 2916 veniret,
1637 2845 1786 2918 quod
1840 2846 2063 2905 accidit.

280 2937 414 2995 Huc
441 2956 614 3014 quum
640 2937 814 3013 legati
846 2937 1241 2997 Romanorum
1270 2937 1579 3010 venissent,
1609 2957 1678 2995 ac
1705 2938 2065 3014 multitudine

280 3032 507 3090 domum
543 3033 667 3108 ejus
692 3032 1223 3105 circumdedissent,
1250 3051 1389 3109 puer
1418 3032 1490 3088 ab
1513 3033 1691 3108 janua
1715 3020 2061 3109 prospiciens

163 3125 242 3182 30
283 3125 595 3186 Hannibali
637 3127 798 3200 dixit,
826 3129 1018 3209 plures
1056 3139 1259 3205 praeter
1299 3128 1772 3186 consuetudinem
1794 3148 1798 3153 ·
1820 3138 2060 3185 armatos

282 3238 565 3295 apparere.
643 3223 768 3285 Qui
820 3224 1115 3300 imperavit
1165 3223 1240 3297 ei,
1283 3235 1346 3283 ut
1396 3243 1594 3282 omnes
1647 3224 1791 3282 fores
1834 3221 2060 3279 aedificii

281 3313 624 3390 circumiret,
675 3337 741 3376 ac
793 3318 1029 3395 propere
1084 3317 1192 3375 sibi
1244 3320 1615 3392 renuntiaret,
1668 3335 1806 3374 num
1859 3317 2058 3374 eodem

282 3409 448 3468 modo
475 3411 724 3487 undique
751 3414 1119 3473 obsideretur.
1201 3413 1351 3474 Puer
1402 3433 1574 3491 quum
1619 3410 1896 3487 celeriter,
1922 3410 2057 3486 quid

110 3792 351 3987 x
