2492 4207
1110 222 1496 273 HANNIBAL.
1726 260 1738 271 .
2189 220 2295 278 101

393 381 550 441 berio
576 381 777 459 Longo
804 382 955 458 apud
981 374 1260 440 Trebiam
1301 380 1568 447 adversus
1605 403 1738 442 eum
1779 384 1951 444 venit.
2032 387 2182 447 Cum

390 478 478 535 his
517 496 752 535 manum
793 477 1113 548 conseruit3
1155 489 1423 554 utrosque
1462 478 1793 556 profligavit.
1896 479 2043 539 Inde
2081 502 2182 559 per

356 578 368 591 ’
385 570 630 659 Ligures
684 571 1075 653 Apenninum.
1109 573 1331 647 transit,
1385 584 1586 650 petens
1613 575 1940 634 Etruriam.
2048 576 2180 637 Hoc

386 667 591 727 itinere
633 666 777 731 adeo
816 667 975 745 gravi
1014 668 1210 733 morbo
1253 668 1496 729 aflicitur
1537 656 1848 744 oculorum,
1871 679 1945 732 'ut
1983 685 2181 749 postea

385 782 680 839 nunquam
701 764 940 822 'dextero
966 761 1126 839 aeque
1156 764 1303 822 bene
1331 783 1467 822 usus
1506 764 1605 823 sits
1676 764 1818 827 Qua
1856 767 2178 826 valetudine
2216 771 2257 826 5

384 878 561 935 quum
600 859 929 918 etiamnunc
980 866 1350 936 premeretur,
1404 859 1726 935 lecticaque
1779 861 2049 933 ferretur-3
2106 863 2176 921 C.

386 954 734 1013 Flaminium
762 954 1073 1014 Consulem
1113 956 1264 1031 apud
1304 954 1713 1013 Trasimenum
1753 974 1887 1013 cum
1922 957 2177 1017 exercitu

385 1048 606 1108 insidiis
653 1050 1106 1111 circumventum
1151 1051 1401 1121 occidit;
1470 1070 1655 1126 neque
1701 1049 1881 1110 multo
1932 1037 2062 1128 post
2107 1052 2174 1111 C.

383 1142 731 1205 Centenium
771 1146 1098 1220 Praetorem,
1119 1165 1275 1204 qum
1314 1146 1539 1205 delecta
1578 1166 1753 1230 manu
1793 1148 1972 1206 saltus
2010 1166 2179 1206 occu-

380 1254 629 1318 pantem.
738 1241 898 1300 Hinc
939 1242 999 1299 in
1040 1243 1312 1320 Apuliam
1352 1242 1623 1319 pervenit.
1727 1243 1818 1301 Ibi
1856 1241 2083 1303 obviarn
2123 1244 2177 1302 ei
2221 1245 2293 1303 10

381 1350 659 1397 venerunt
692 1338 828 1396 'duo
883 1337 1183 1413 Consules,
1238 1339 1308 1397 C.
1365 1338 1677 1399 Terentius
1729 1351 1788 1398 et
1824 1338 1907 1397 ·L.
1964 1339 2179 1398 Paulus

381 1432 667 1492 AEmilius.
788 1433 1093 1511 Utriusque
1147 1435 1433 1494 exercitus
1507 1454 1624 1494 uno
1675 1435 1874 1512 proelio
1927 1435 2174 1512 fugavit3

379 1528 624 1587 Paulum
665 1529 987 1591 Consulem.
1013 1531 1248 1604 occidit,
1290 1543 1350 1590 et
1391 1531 1604 1606 aliquot
1641 1543 1917 1606 praeterea
1955 1532 2177 1590 Consu-

376 1623 545 1698 lares,
595 1624 655 1682 in
698 1625 793 1683 ¹his
849 1625 959 1684 Cn.
1011 1625 1318 1684 Servilium
1364 1625 1696 1698 Geminum,
1744 1625 1842 1701 qui
1891 1626 2176 1702 superiore

380 1738 530 1778 anno
551 1721 735 1779 fuerat
763 1720 1000 1780 Consul.
1946 1714 1952 1721 ’
2222 1723 2294 1778 15

452 1816 525 1873 V.
608 1815 741 1873 Hac
781 1815 979 1891 pugna
1005 1815 1262 1892 pugnata
1289 1814 1540 1873 Romam
1576 1816 1862 1890 profectus
1893 1826 2000 1888 est,
2022 1816 2178 1873 nullo

378 1910 694 1969 resistente.
777 1909 849 1967 In
890 1909 1221 1985 propinquis
1262 1909 1420 1967 urbis
1460 1909 1749 1967 montibus
1789 1921 2041 1967 moratus
2072 1922 2175 1969 est.

374 2004 579 2067 Quum
619 2004 828 2079 aliquot
856 2004 937 2061 ibi
977 2004 1101 2062 dies
1140 2015 1329 2062 castra
1368 2004 1678 2078 habuisset,
1706 2017 1764 2063 et
1804 2016 2176 2063 reverteretur

377 2100 676 2177 Capuam;
729 2100 808 2163 Q.
852 2099 1069 2165 Fabius
1110 2099 1421 2174 Maximus,
1465 2099 1706 2159 dictator
1747 2100 2069 2174 Romanus,
2113 2100 2175 2159 in

375 2215 512 2276 agro
549 2196 799 2255 Falerno
838 2216 900 2254 se
940 2196 996 2253 ei
1035 2195 1264 2271 objecit.
1354 2193 1473 2253 Hic
1512 2196 1741 2254 clausus
1781 2196 2035 2255 locorum
2077 2216 2175 2255 an·
2212 2197 2292 2256 20

374 2292 596 2369 gustiis,
624 2304 799 2351 noctu
826 2291 952 2350 sine
979 2291 1097 2350 ullo
1135 2290 1478 2349 detrimento
1516 2291 1806 2350 exercitus
1846 2311 1909 2369 se
1949 2292 2177 2368 expedi-

374 2388 486 2457 vit;
528 2387 728 2460 Fabio,
758 2386 1126 2445 callidissimo
1153 2386 1498 2462 imperatori,
1527 2387 1700 2444 verba
1739 2387 1912 2444 dedit.
1995 2386 2055 2443 N
2059 2405 2173 2444 am-

372 2502 480 2558 que
532 2482 780 2541 obducta
833 2493 1003 2548 nocte
1046 2493 1334 2540 sarmenta
1373 2482 1434 2539 in
1475 2480 1748 2539 cornibus
1796 2480 2170 2555 juvencorum

374 2577 621 2653 deligata
643 2577 921 2650 incendit,
935 2572 1179 2653 'ejusque
1200 2575 1430 2653 generis
1458 2571 1882 2633 multitudinem
1904 2593 2174 2651 magnam

375 2672 707 2748 dispalatam
735 2672 985 2731 immisit.
1066 2673 1205 2735 Quo
1225 2671 1524 2748 repentino
1544 2672 1778 2747 objectu
1805 2670 1924 2729 viso
1950 2682 2172 2747 tantum
2210 2672 2290 2729 25

375 2779 644 2825 terrorem
673 2768 871 2844 injecit
911 2767 1186 2826 exercitui
1229 2767 1643 2839 Romanorum,
1673 2779 1736 2826 ut
1774 2766 1972 2842 egredi
2012 2778 2171 2824 extra

375 2863 583 2920 vallum
611 2882 778 2921 nemo
805 2863 878 2923 sit
908 2883 1095 2921 ausus.
1178 2861 1353 2920 Hanc
1379 2874 1505 2938 post
1530 2881 1652 2920 rem
1678 2874 1896 2939 gestam
1936 2881 2050 2920 non
2094 2854 2175 2920 ita

375 2957 569 3016 multis
599 2956 820 3030 diebus,
863 2957 946 3015 M.
989 2957 1317 3016 Minucium
1358 2957 1599 3030 Rufum,
1640 2957 1974 3034 magistrum
2015 2957 2170 3032 equi-

376 3064 517 3126 tum,
571 3052 693 3129 pari
748 3071 816 3110 ac
856 3054 1192 3111 dictatorem
1248 3052 1502 3128 imperio,
1545 3053 1674 3111 dolo
1724 3045 2063 3129 productum
2104 3052 2163 3110 in

373 3148 656 3227 proelium,
701 3147 930 3224 fugavit.
1012 3147 1107 3205 Ti.
1140 3147 1539 3224 Sempronium
1579 3147 1928 3220 Gracchum,
1961 3146 2165 3207 iterum
2206 3148 2284 3205 30

375 3245 705 3316 Consulem,
762 3242 821 3300 in
877 3241 1128 3302 Lucanis
1183 3244 1409 3318 absenS,
1465 3243 1524 3301 in
1579 3242 1814 3326 insidias
1868 3242 2165 3304 inductum

373 3340 613 3398 sustulit.
696 3338 780 3396 M.
829 3338 1136 3396 Claudium
1183 3338 1544 3410 Marcellum,
1598 3337 1896 3415 quinquies
1944 3340 2163 3400 Consu-

374 3435 504 3508 lem,
534 3437 683 3512 apud
711 3434 1026 3493 Venusiam
1054 3435 1176 3510 pari
1202 3437 1370 3494 modo
1397 3434 1696 3493 interfecit.
1790 3435 2050 3513 Longum
2079 3445 2165 3492 est

997 3529 1038 3587 9
1065 3530 1098 3564 ᾗ
