2492 4207
370 298 447 356 62
1114 301 1635 351 EPAMINONDAS.

490 465 748 536 tuissent,
776 475 834 522 et
860 462 1065 520 diversi
1093 461 1486 519 discessissent
1508 461 1735 536 jamque
1761 460 1952 535 procul
1978 457 2253 516 Datames

486 560 738 627 abesset3
781 557 1160 629 Mithridates,
1186 556 1511 633 priusquam
1553 556 1623 612 ad
1663 574 1793 612 suos
1818 554 2150 630 perveniret,
2177 571 2254 608 ne

482 672 648 728 quam
689 652 1066 728 suspicionem
1105 636 1346 726 pareret,
1377 649 1435 706 in
1462 650 1707 707 eundem
1727 649 1914 707 locum
1941 648 2253 718 revertitur,

484 760 649 823 atque
697 748 794 819 ibi,
837 747 936 806 ubi
981 746 1154 804 telum
1200 756 1322 802 erat
1368 744 1708 821 impositum,
1749 744 1976 816 resedit,
2019 755 2083 801 ut
2128 743 2177 800 si
2223 760 2256 797 a

405 845 444 900 5
482 841 814 900 lassitudine
866 826 1097 916 cuperet
1152 830 1547 913 acquiescere;
1628 839 2040 914 Datamemque
2104 841 2263 895 revo-'

482 937 648 1010 cavit,
697 937 967 995 simulans
1007 953 1068 992 se
1100 934 1376 1012 ‘quiddanl
1414 934 1473 991 in
1513 934 1788 1009 colloquio
1829 952 1954 991 esse
2000 932 2250 990 oblitum.

481 1032 718 1091 Interim
738 1032 932 1102 telum,
955 1030 1103 1105 quod
1123 1029 1354 1102 latebat,
1374 1029 1621 1105 protulit,
1644 1028 2029 1102 nudatumque
2051 1026 2255 1103 vagina

481 1140 633 1186 veste
673 1126 831 1210 texit,
861 1144 929 1182 ac
956 1123 1184 1183 Datami
1211 1113 1462 1182 venienti
1490 1124 1586 1197 ait,
1613 1122 2015 1198 digredientem
2040 1141 2095 1179 se
2133 1122 2254 1177 ani-

478 1216 855 1293 madvertisse,
898 1220 1071 1276 locum
1110 1219 1399 1294 quendam,
1440 1219 1536 1293 qui
1575 1217 1780 1276 eratin
1820 1230 2152 1293 conspectu,
2179 1215 2258 1273 ad

371 1319 443 1376 10
483 1324 676 1373 castra
704 1312 971 1390 ponenda
1005 1332 1118 1370 esse
1144 1312 1412 1369 idoneum.
1491 1312 1687 1375 Quem
1728 1329 1899 1387 quum
1941 1312 2125 1388 digito
2164 1311 2255 1368 de-

478 1420 832 1481 monstraret,
859 1420 917 1466 et
957 1407 1050 1465 ille
1077 1406 1450 1482 conspiceret,
1478 1425 1733 1465 aversum
1762 1407 1907 1465 ferro
1941 1390 2251 1479 transfixit:

477 1502 762 1582 priusque,
793 1501 963 1580 quam
1002 1503 1297 1578 quisquam
1335 1515 1523 1579 posset
1562 1494 1912 1576 succurrere,
1953 1499 2249 1560 interfecit.
2309 1576 2314 1581 ι

478 1601 568 1659 Ita
594 1599 696 1672 vir,
736 1601 831 1674 qui
870 1598 1075 1657 multos
1113 1593 1371 1670 consilio,
1407 1597 1692 1656 neminem
1730 1594 1969 1674 perfidia
2009 1590 2250 1673 ceperat,

480 1696 741 1754 simulati
767 1707 966 1771 captus
991 1707 1076 1754 est
1105 1693 1380 1752 amicitia.

871 2159 1002 2217 XV.
1084 2157 1865 2217 EPAMINONDAS.

369 2353 442 2408 15
558 2350 606 2408 I.
687 2350 1139 2427 Epaminondas,
1186 2345 1468 2424 ,Polymni
1501 2346 1691 2424 filius,
1744 2345 2059 2412 Thebanus.
2161 2349 2252 2407 De

480 2448 589 2505 hoc
640 2445 963 2522 priusquam
1015 2445 1350 2515 scribamuS,
1393 2443 1515 2499 haec
1567 2440 1945 2518 praecipienda
1989 2441 2253 2501 videntur

477 2541 800 2613 lectoribus,
829 2559 901 2597 ne
932 2540 1145 2598 alienos
1184 2558 1367 2597 mores
1407 2538 1477 2594 ad
1506 2557 1636 2595 suos
1671 2539 1950 2606 referant3
1992 2556 2137 2595 neve
2164 2547 2250 2608 ea,

478 2655 600 2711 quae
641 2636 776 2711 ipsis
814 2634 1024 2702 leviora
1062 2645 1212 2705 sunt,
1254 2632 1376 2708 pari
1415 2633 1580 2690 modo
1621 2633 1768 2708 apud
1808 2644 2042 2690 caeteros
2082 2634 2251 2690 fuisse

480 2731 833 2808 arbitrentur.
942 2728 1170 2785 Scimus
1220 2728 1393 2799 enim,
1442 2727 1696 2785 musicen
1751 2728 1954 2786 nostris
2005 2729 2252 2788 moribus

363 2828 441 2885 20
481 2829 677 2885 abesse
732 2825 803 2882 ab
854 2823 1125 2900 principis
1174 2822 1452 2896 persona;
1533 2823 1734 2879 saltare
1790 2822 1921 2879 vero
1975 2803 2172 2882 etianf
2195 2823 2251 2878 in

480 2923 629 2981 vitiis
647 2921 814 2998 poni:
856 2938 980 2995 quae
1005 2917 1196 2977 omnia
1234 2907 1384 2993 apud
1424 2916 1653 2973 Graecos
1694 2928 1752 2973 et
1790 2930 1953 2993 grata
1990 2930 2047 2975 et
2085 2914 2254 2973 la'ude

481 3005 654 3093 digna
691 3018 990 3073 ducuntur.
1095 3003 1297 3074 Quum
1339 3023 1526 3069 autem
1580 3011 1893 3087 exprimere
1948 3011 2252 3087 imaginem

483 3109 908 3169 consuetudinis
962 3120 1126 3182 atque
1166 3107 1292 3164 vitae
1341 3105 1582 3163 velimus
1635 3105 2063 3182 Epaminondae,
2106 3105 2252 3163 nihil

257 3275 261 3278 Δ
482 3204 733 3262 videmur
773 3203 978 3263 debere
1016 3201 1459 3278 praetermittere,
1498 3202 1647 3275 quod
1697 3201 1975 3277 pertineat
2015 3201 2086 3257 ad
2126 3219 2252 3257 eam

356 3296 438 3352 ‘25
478 3294 893 3353 declarandam.
972 3294 1171 3357 Quare
1198 3293 1456 3350 dicemus
1480 3291 1723 3370 primum
1751 3293 1823 3350 de
1850 3311 2059 3369 genere
2096 3290 2248 3365 ejus3

480 3388 708 3461 deinde,
737 3391 939 3464 quibus
980 3388 1294 3465 disciplinis
1321 3399 1378 3445 et
1408 3407 1442 3445 a
1466 3389 1669 3462 quibus
1695 3387 1768 3445 sit
1798 3386 2088 3455 eruditus3
2131 3397 2250 3441 tum

402 3485 552 3602 ..de
590 3484 858 3582 moribus,
889 3485 1212 3561 ingeniique
1254 3484 1634 3558 facultatibus,
1662 3495 1719 3540 et
1754 3482 1916 3557 siqua
1942 3481 2052 3539 alia
2077 3479 2250 3555 digna
2343 3531 2346 3536 .

424 3665 559 3744 ιβ

436 3985 453 3996 ν

292 3623 509 4068 ἑίιρ

368 4085 379 4102 3.

378 4137 407 4162 ἑ.
