2492 4207
809 940 876 1001 ·1.
980 940 1632 1003 MILTIADES.

335 1550 376 1579 .,
421 1503 469 1561 Ι.
552 1500 866 1575 Miltiades,
894 1500 1144 1559 Cimonis
1152 1500 1346 1578 filius,
1369 1499 1749 1571 Atheniensis.
1827 1499 2030 1563 Quum
2061 1513 2122 1559 et

343 1598 676 1674 antiquitate
704 1596 952 1675 generis,
974 1610 1034 1656 et
1058 1596 1241 1674 gloria
1266 1596 1567 1679 medorum,
1595 1598 1654 1654 et
1688 1596 1794 1654 sua
1819 1597 2119 1671 modestis,

341 1715 492 1753 unus
542 1694 799 1755 omnium
851 1692 1100 1751 maxime
1170 1692 1415 1766 floreret,
1478 1692 1661 1768 eaque
1721 1705 1873 1752 esset
1934 1705 2121 1766 aetute,

342 1805 405 1850 ut
442 1793 561 1867 jam
607 1809 725 1848 non
778 1787 962 1847 solum
1014 1790 1087 1845 de
1138 1807 1210 1846 eo
1261 1788 1411 1847 bene
1483 1806 1728 1863 sperare,
1797 1789 1898 1846 sed
1949 1788 2124 1847 etiam

343 1887 634 1945 confidere
656 1883 813 1940 cives
837 1893 1071 1958 possent
1094 1881 1204 1954 sui,
1231 1881 1403 1940 talem
1424 1882 1697 1956 futurum,
1730 1884 1956 1958 qualem
1995 1902 2127 1962 cog-
2161 1885 2213 1943 5·

347 1982 530 2040 nitum
554 1977 919 2056 judicz‘irunt3
963 1977 1193 2050 accidit,
1216 1988 1281 2036 ut
1298 1977 1685 2037 Athenienses
1706 1978 2124 2038 Chersonesum

346 2079 578 2138 colonos
599 2075 808 2134 vellent
842 2072 1083 2133 mittere.
1167 2072 1351 2152 Cujus
1396 2073 1626 2152 generis
1663 2093 1837 2153 quum
1882 2094 2127 2154 magnus

344 2191 616 2233 numerus
642 2179 812 2244 esset,
839 2182 899 2229 et
923 2169 1090 2228 multi
1115 2170 1240 2247 ejus
1257 2170 1686 2248 demigrationis
1705 2184 1965 2249 peterent
1984 2173 2130 2233 soci-

317 2313 324 2320 .
346 2280 554 2328 etatem
577 2288 592 2338 ;
633 2285 708 2324 ex
733 2265 823 2323 his
849 2265 1060 2325 delecti
1087 2264 1344 2350 Delphos
1370 2265 1745 2326 deliberatum
1786 2267 1944 2327 missi
1973 2286 2127 2342 sunt,

347 2365 443 2440 qui
471 2363 837 2423 consulerent
864 2357 1214 2438 Apollinem,
1257 2381 1372 2437 quo
1410 2360 1769 2438 potissimum
1816 2364 1965 2422 duce
2008 2377 2129 2424 ute-
2170 2366 2245 2424 1⁰

346 2471 559 2518 rentur.
641 2456 907 2534 Namque
933 2467 1057 2514 tum
1081 2455 1348 2514 Thraces
1385 2475 1485 2515 eas
1526 2458 1791 2534 regiones
1834 2459 2127 2533 tenebunt,

349 2573 481 2613 cum
509 2553 717 2629 quibus
740 2552 913 2610 armis
934 2563 1056 2609 erat
1076 2551 1487 2610 dimicandum.
1570 2552 1684 2611 His
1699 2554 2131 2616 consulentibus

350 2648 688 2707 nominatim
714 2646 921 2724 Pythia
946 2647 1235 2724 praecepit,
1264 2658 1328 2707 ut
1355 2647 1675 2708 Miltiadem
1698 2650 1808 2708 sibi
1833 2651 2131 2728 imperato-

353 2763 475 2803 rem
502 2755 821 2816 sumerent3
864 2743 923 2800 id
949 2743 999 2801 si
1026 2742 1317 2817 fecissent,
1345 2743 1574 2822 incepta
1614 2760 1883 2823 prospera
1922 2748 2128 2806 sutura.

353 2842 487 2900 Hoc
513 2840 726 2899 oraculi
751 2858 1023 2916 responso
1043 2837 1339 2899 Miltiades
1358 2860 1492 2898 cum
1508 2842 1734 2901 delectfl
1755 2861 1931 2900 manu
1946 2842 2130 2902 classe
2172 2846 2247 2904 15

352 2937 1109 3013 Chersonesumqprosectuffi
1136 2956 1314 3012 quum
1355 2938 1693 2997 accessisset
1732 2931 2035 3012 Lemnum,
2074 2952 2133 2999 et

353 3035 570 3093 incolas
597 3032 722 3109 ejus
748 3032 946 3090 insulae
973 3033 1082 3091 sub
1108 3043 1442 3109 potestatem
1469 3034 1730 3111 redigere
1758 3034 1925 3118 yellet
1953 3036 2133 3094 Athe·

352 3123 660 3202 niensium,
685 3128 853 3203 idque
872 3127 1101 3188 Lemnii
1118 3127 1221 3186 sufi
1241 3139 1442 3206 sponte
1464 3130 1737 3202 facerent,
1752 3130 2094 3207 postulasset
2115 3150 2129 3203 3

355 3226 437 3284 illi
463 3225 765 3284 irridentes
792 3225 1221 3300 responderunt,
1271 3236 1392 3283 tum
1434 3224 1505 3286 id.
1532 3244 1599 3283 se
1646 3226 1919 3300 facturos,
1957 3245 2131 3304 quum

355 3322 449 3380 ille
476 3322 644 3379 domo
683 3318 926 3377 navibus
963 3317 1332 3396 proficiscens
1372 3332 1541 3379 vento
1585 3322 1845 3397 aquilone
1887 3322 2135 3381 venisset
2171 3323 2251 3381 20

356 3416 655 3475 Lemnum.
738 3414 858 3473 Hic
885 3414 1037 3472 enim
1078 3426 1301 3490 ventus,
1330 3435 1366 3475 a
1405 3418 1883 3494 septentrionibus
1923 3419 2132 3492 oriens,
