2492 4207
769 258 830 309 T.
864 220 1265 310 POMPONIUS
1297 259 1614 310 ATTICUS.
2084 254 2223 311 117‘

269 418 523 477 auxilia
603 417 808 480 Quum
833 418 1173 495 proscriptos
1198 417 1444 495 praemiis
1466 418 1860 494 imperatorum
1876 420 2075 499 vulgus

167 582 173 586 ,
263 514 672 590 conquireret,
699 532 869 572 nemo
896 514 956 570 in
997 513 1234 589 Epirum
1277 513 1449 585 venit,
1493 513 1588 570 cui
1629 533 1718 571 res
1757 515 1874 572 ulla
1920 515 2077 573 defu-

262 608 441 666 erit:
484 607 701 665 nemini
728 626 841 665 non
888 607 968 664 ibi
1007 605 1282 682 perpetu'o
1329 607 1598 666 manendi
1636 619 1883 684 potestas
1925 611 2076 668 facta

260 717 393 761 est.
475 701 600 764 Qui
621 702 811 775 etiam,
837 712 964 777 post
989 702 1250 779 proelium
1270 703 1655 779 Philippense,
1680 703 2075 780 interitumque

262 797 351 855 C.
403 797 591 854 Cassii
618 808 677 854 et
714 796 796 854 M.
826 796 1007 869 Bruti,
1038 796 1103 854 L.
1135 796 1352 855 Julium
1395 797 1690 856 Mocillam
1735 799 2072 875 praetorium,
2111 802 2150 856 5

261 904 339 950 et
372 893 498 968 ejus
537 892 734 965 filium,
778 893 1103 967 Aulumque
1149 892 1523 969 Torquatum,
1573 904 1915 968 caeterosque
1952 895 2076 970 pari

265 988 514 1047 fortuna
536 989 844 1065 perculsoS,
896 987 1201 1046 instituerit
1246 988 1413 1061 tueri,
1443 1000 1609 1063 atque
1651 1007 1727 1045 ex
1768 987 1941 1064 Epiro
1987 989 2075 1046 his

265 1084 482 1143 omnia
505 1084 974 1143 'Samothraciam
1018 1083 1332 1159 supportari
1373 1084 1630 1160 jusserit.'
1702 1083 1951 1141 Difficile
1988 1095 2075 1141 est

167 1238 168 1241 ,
262 1181 480 1240 omnia
507 1180 789 1257 persequi,
818 1191 877 1237 et
902 1198 1019 1237 non
1045 1178 1446 1236 necessarium.
1529 1178 1678 1236 Illud
1706 1197 1884 1236 unum
1913 1178 2074 1237 intel-

263 1275 386 1353 ligi
417 1272 714 1348 ‘volumuS,
769 1273 921 1332 illius
971 1273 1368 1332 liberalitatem
1428 1293 1611 1349 neque
1655 1274 2070 1352 temporariam,
2116 1276 2187 1331 10

264 1389 468 1446 neque
496 1370 765 1427 callidam
794 1368 981 1426 fuisse.
1064 1367 1132 1426 Id
1160 1387 1232 1425 ex
1261 1368 1397 1444 ipsis
1423 1370 1592 1427 rebus
1620 1388 1690 1427 ac
1727 1370 2072 1448 temporibus

258 1464 543 1541 judicari·
592 1475 796 1539 potest,
847 1461 999 1537 quod
1050 1481 1167 1519 non
1246 1461 1578 1521 florentibus
1630 1484 1691 1521 se
1742 1466 2070 1540 venditavit,

265 1561 380 1619 sed
426 1558 649 1618 afflictis
699 1554 920 1635 semper
973 1556 1284 1614 succurrit:
1339 1556 1435 1630 qui
1480 1557 1709 1632 quidem
1757 1561 2069 1633 Serviliam,

267 1656 439 1714 Bruti
468 1658 727 1727 matrem,
763 1671 879 1713 non
907 1648 1099 1708 minus
1124 1661 1254 1726 post
1290 1662 1528 1711 mortem
1570 1651 1715 1728 ejus,
1758 1651 1929 1728 quam
1975 1654 2072 1713 flo-

266 1763 457 1824 rente,
486 1748 742 1808 coluerit.
824 1732 927 1804 Sic
946 1744 1291 1805 liberalitate
1317 1757 1505 1820 utens,
1532 1746 1717 1805 nullas
1744 1747 2071 1809 inimicitias
2116 1753 2186 1808 15

266 1845 485 1921 gessit3
525 1834 679 1919 quod
706 1859 891 1916 neque
918 1840 1159 1898 laedebat
1183 1859 1524 1915 quenquam,
1556 1861 1758 1917 neque,
1805 1845 1854 1901 si
1904 1864 2071 1919 quam

269 1940 547 2017 injuriam
601 1946 921 2012 acceperat,
979 1933 1149 2014 [non]
1198 1936 1448 1994 malebat
1493 1936 1714 2009 ulcisci,
1741 1936 1910 2013 quam
1936 1940 2073 1998 obli·
2152 1936 2161 1945 ‘

270 2035 435 2092 visci.
545 2032 738 2090 Idem·¹
762 2029 1063 2089 immortali
1114 2030 1389 2088 memoria
1453 2043 1724 2110 percepta
1790 2035 2068 2094 retinebat

269 2130 595 2189 beneficia:
637 2146 761 2204 quae
790 2139 980 2200 autem
1010 2127 1131 2204 ipse
1157 2128 1452 2202 tribuerat,
1471 2129 1690 2187 tamdiu
1711 2130 2066 2204 meminerat,

275 2228 464 2304 quoad
493 2226 588 2284 ille
615 2236 810 2302 gratus
836 2234 976 2296 erat,
1004 2222 1099 2298 qui
1128 2234 1445 2298 acceperat.
1528 2223 1728 2299 Itaque
1769 2224 1863 2284 hic
1911 2227 2065 2300 fecit,
2104 2228 2182 2286 20

272 2335 340 2381 ut
390 2320 522 2380 vere
577 2321 795 2378 dictum
847 2318 1131 2376 videatur:
1198 2318 1310 2374 Sui
1363 2320 1559 2394 cuique
1611 2340 1784 2377 mores
1824 2321 2070 2397 fingunt

255 2416 581 2494 fortunam.
701 2414 906 2489 Neque
934 2425 1125 2471 tamen
1152 2410 1310 2488 prius
1336 2413 1430 2470 ille
1459 2414 1762 2487 fortunam,
1790 2414 1959 2490 quam
2006 2436 2069 2473 se

277 2515 420 2591 ipse,
441 2510 605 2569 finxit
628 2530 642 2567 :
682 2508 781 2584 qui
802 2508 970 2580 cavit,
995 2527 1073 2565 ne
1101 2507 1299 2583 quain
1328 2527 1387 2564 re
1411 2507 1538 2583 jure
1564 2508 1923 2584 plecteretur.

355 2606 498 2664 XII.
605 2604 717 2662 His
769 2602 940 2680 igitur
991 2602 1161 2659 rebus
1228 2602 1437 2674 effecit,
1492 2614 1555 2660 ut
1621 2601 1702 2660 M.
1759 2603 2066 2679 Vipsanius

276 2700 554 2779 Agrippa,
609 2688 811 2757 intima
885 2697 1265 2756 familiaritate
1325 2697 1667 2773 conjunctus
1720 2699 2064 2757 adolescenti
2102 2701 2179 2758 25

277 2796 512 2869 Caesari,
540 2814 712 2870 quum
738 2805 962 2871 propter
989 2799 1149 2849 suam
1177 2792 1438 2868 gratiam,
1484 2804 1543 2849 et
1584 2791 1828 2850 Caesaris
1870 2787 2066 2869 poten-

276 2894 435 2965 tiam,
462 2884 672 2948 nullius
698 2886 1039 2946 conditionis
1065 2905 1182 2944 non
1209 2886 1443 2944 haberet
1467 2897 1820 2961 potestatem,
1848 2887 2066 2963 potissi-

275 2986 435 3046 mum
460 2985 588 3061 ejus
632 2983 905 3059 deligeret
957 2981 1310 3053 affinitatem,
1362 2993 1805 3057 praeoptaretque
1858 2983 2061 3058 equitis

272 3079 531 3143 Romani
582 3077 757 3136 filiam
807 3091 1209 3153 generosarum
1278 3074 1506 3150 nuptiis.
1599 3077 1790 3150 Atque
1858 3080 2059 3137 harum

277 3176 601 3255 nuptiarum
650 3171 979 3231 conciliator
1033 3170 1138 3229 fuit
1190 3168 1334 3247 (non
1381 3182 1469 3228 est
1519 3171 1673 3229 enim
1724 3172 2056 3254 celandum)
2095 3178 2175 3234 3⁰

278 3273 359 3331 M.
390 3268 698 3341 Antonius,
743 3264 996 3325 triumvir
1035 3265 1364 3342 reipublicae
1406 3265 1854 3326 constituendae:
1896 3271 2059 3346 cujus

279 3368 458 3446 gratia
498 3384 670 3442 quum
713 3364 922 3440 augere
966 3361 1350 3436 possessiones
1395 3372 1582 3436 posset
1635 3381 1785 3437 suas,
1838 3363 2059 3423 tantum

282 3463 459 3522 abfuit
486 3482 519 3520 a
545 3458 854 3538 cupiditate
879 3456 1158 3534 pecuniae‚
1187 3467 1252 3514 ut
1276 3455 1433 3514 nulla
1480 3454 1539 3514 in
1581 3475 1643 3514 re
1685 3477 1819 3517 usus
1855 3455 1928 3528 sit
1967 3447 2057 3528 est,
