<?xml version="1.0" encoding="UTF-8"?>
<!DOCTYPE html PUBLIC "-//W3C//DTD XHTML 1.0 Transitional//EN"
    "http://www.w3.org/TR/xhtml1/DTD/xhtml1-transitional.dtd">
<html xmlns="http://www.w3.org/1999/xhtml" xml:lang="en" lang="en">
 <head>
  <title>
</title>
<meta http-equiv="Content-Type" content="text/html;charset=utf-8" />
  <meta name='ocr-system' content='tesseract 3.04.00' />
  <meta name='ocr-capabilities' content='ocr_page ocr_carea ocr_par ocr_line ocrx_word'/>
</head>
<body>
  <div class='ocr_page' id='page_1' title='image "./devitaexcellent00haywgoog_0074.png"; bbox 0 0 2492 4207; ppageno 0'>
   <div class='ocr_carea' id='block_1_1' title="bbox 324 224 1592 283">
    <p class='ocr_par' dir='ltr' id='par_1_1' title="bbox 324 224 1592 283">
     <span class='ocr_line' id='line_1_1' title="bbox 324 224 1592 283; baseline -0.003 -1"><span class='ocrx_word' id='word_1_1' title='bbox 324 224 401 282; x_wconf 83' lang='grc'><strong>64</strong></span> <span class='ocrx_word' id='word_1_2' title='bbox 1071 230 1338 281; x_wconf 88' lang='lat' dir='ltr'><strong>EPAMIN</strong></span> <span class='ocrx_word' id='word_1_3' title='bbox 1340 230 1434 279; x_wconf 86' lang='grc' dir='ltr'><strong>ΟΝ</strong></span> <span class='ocrx_word' id='word_1_4' title='bbox 1437 229 1592 283; x_wconf 82' lang='lat' dir='ltr'>DAS.</span> 
     </span>
    </p>
   </div>
   <div class='ocr_carea' id='block_1_2' title="bbox 318 389 2317 3516">
    <p class='ocr_par' dir='ltr' id='par_1_2' title="bbox 445 389 2227 467">
     <span class='ocr_line' id='line_1_2' title="bbox 445 389 2227 467; baseline 0 -17"><span class='ocrx_word' id='word_1_5' title='bbox 445 392 622 452; x_wconf 86' lang='lat' dir='ltr'><strong>batur.</strong></span> <span class='ocrx_word' id='word_1_6' title='bbox 704 391 903 466; x_wconf 83' lang='lat' dir='ltr'><strong>Itaque</strong></span> <span class='ocrx_word' id='word_1_7' title='bbox 935 409 1115 467; x_wconf 84' lang='lat' dir='ltr'><strong>quum</strong></span> <span class='ocrx_word' id='word_1_8' title='bbox 1156 391 1216 450; x_wconf 91' lang='lat' dir='ltr'><strong>in</strong></span> <span class='ocrx_word' id='word_1_9' title='bbox 1256 390 1532 450; x_wconf 82' lang='lat' dir='ltr'><strong>circulum</strong></span> <span class='ocrx_word' id='word_1_10' title='bbox 1571 389 1836 462; x_wconf 85' lang='lat' dir='ltr'><strong>venisset,</strong></span> <span class='ocrx_word' id='word_1_11' title='bbox 1874 389 1934 446; x_wconf 91' lang='lat' dir='ltr'><strong>in</strong></span> <span class='ocrx_word' id='word_1_12' title='bbox 1974 408 2087 465; x_wconf 91' lang='lat' dir='ltr'><strong>quo</strong></span> <span class='ocrx_word' id='word_1_13' title='bbox 2128 403 2227 450; x_wconf 86' lang='lat' dir='ltr'><strong>aut</strong></span> 
     </span>
    </p>

    <p class='ocr_par' dir='ltr' id='par_1_3' title="bbox 442 475 2226 563">
     <span class='ocr_line' id='line_1_3' title="bbox 442 475 2226 563; baseline -0.002 -16"><span class='ocrx_word' id='word_1_14' title='bbox 442 490 512 547; x_wconf 88' lang='lat' dir='ltr'><strong>de</strong></span> <span class='ocrx_word' id='word_1_15' title='bbox 551 486 843 562; x_wconf 66' lang='lat' dir='ltr'><strong>republica</strong></span> <span class='ocrx_word' id='word_1_16' title='bbox 884 485 1284 563; x_wconf 87' lang='lat' dir='ltr'><strong>disputaretur,</strong></span> <span class='ocrx_word' id='word_1_17' title='bbox 1318 497 1416 544; x_wconf 88' lang='lat' dir='ltr'><strong>aut</strong></span> <span class='ocrx_word' id='word_1_18' title='bbox 1436 475 1511 542; x_wconf 62' lang='lat' dir='ltr'><strong>&#39;de</strong></span> <span class='ocrx_word' id='word_1_19' title='bbox 1536 484 1890 563; x_wconf 70' lang='lat' dir='ltr'><strong>philosophia</strong></span> <span class='ocrx_word' id='word_1_20' title='bbox 1916 504 2103 545; x_wconf 88' lang='lat' dir='ltr'><strong>sermo</strong></span> <span class='ocrx_word' id='word_1_21' title='bbox 2128 487 2226 544; x_wconf 87' lang='lat' dir='ltr'><strong>ha·</strong></span> 
     </span>
    </p>

    <p class='ocr_par' dir='ltr' id='par_1_4' title="bbox 327 570 2317 1904">
     <span class='ocr_line' id='line_1_4' title="bbox 441 570 2317 658; baseline -0.001 -17"><span class='ocrx_word' id='word_1_22' title='bbox 441 585 683 655; x_wconf 87' lang='lat' dir='ltr'><strong>beretur,</strong></span> <span class='ocrx_word' id='word_1_23' title='bbox 712 584 1003 656; x_wconf 75' lang='lat' dir='ltr'><strong>nunquam</strong></span> <span class='ocrx_word' id='word_1_24' title='bbox 1043 581 1177 645; x_wconf 86' lang='lat' dir='ltr'><strong>inde</strong></span> <span class='ocrx_word' id='word_1_25' title='bbox 1215 580 1375 658; x_wconf 75' lang='lat' dir='ltr'><strong>prius</strong></span> <span class='ocrx_word' id='word_1_26' title='bbox 1413 578 1705 654; x_wconf 84' lang='lat' dir='ltr'><strong>discessit,</strong></span> <span class='ocrx_word' id='word_1_27' title='bbox 1730 580 1899 656; x_wconf 66' lang='lat' dir='ltr'><strong>quam</strong></span> <span class='ocrx_word' id='word_1_28' title='bbox 1943 582 2015 638; x_wconf 93' lang='lat' dir='ltr'><strong>ad</strong></span> <span class='ocrx_word' id='word_1_29' title='bbox 2051 580 2222 640; x_wconf 89' lang='lat' dir='ltr'><strong>finem</strong></span> <span class='ocrx_word' id='word_1_30' title='bbox 2310 570 2317 578; x_wconf 43' lang='lat'><em>⁵</em></span> 
     </span>
     <span class='ocr_line' id='line_1_5' title="bbox 439 674 2225 755; baseline -0.001 -18"><span class='ocrx_word' id='word_1_31' title='bbox 439 694 628 737; x_wconf 79' lang='lat' dir='ltr'><strong>sermo·</strong></span> <span class='ocrx_word' id='word_1_32' title='bbox 668 689 816 737; x_wconf 88' lang='lat' dir='ltr'><strong>esset</strong></span> <span class='ocrx_word' id='word_1_33' title='bbox 865 677 1159 737; x_wconf 86' lang='lat' dir='ltr'><strong>adductus.</strong></span> <span class='ocrx_word' id='word_1_34' title='bbox 1232 678 1629 753; x_wconf 82' lang='lat' dir='ltr'><strong>Paupertatem</strong></span> <span class='ocrx_word' id='word_1_35' title='bbox 1682 674 1825 734; x_wconf 70' lang='lat' dir='ltr'><strong>adeo</strong></span> <span class='ocrx_word' id='word_1_36' title='bbox 1880 675 2049 734; x_wconf 69' lang='lat' dir='ltr'><strong>facile</strong></span> <span class='ocrx_word' id='word_1_37' title='bbox 2102 697 2225 755; x_wconf 90' lang='lat' dir='ltr'><strong>per-</strong></span> 
     </span>
     <span class='ocr_line' id='line_1_6' title="bbox 361 763 2221 857; baseline -0.002 -23"><span class='ocrx_word' id='word_1_38' title='bbox 361 777 401 834; x_wconf 83' lang='lat'>5</span> <span class='ocrx_word' id='word_1_39' title='bbox 437 794 636 852; x_wconf 78' lang='lat' dir='ltr'>pessus</span> <span class='ocrx_word' id='word_1_40' title='bbox 661 763 776 847; x_wconf 79' lang='lat' dir='ltr'><strong>est,</strong></span> <span class='ocrx_word' id='word_1_41' title='bbox 795 786 859 833; x_wconf 94' lang='lat' dir='ltr'><strong>ut</strong></span> <span class='ocrx_word' id='word_1_42' title='bbox 896 773 967 831; x_wconf 87' lang='lat' dir='ltr'><strong>de</strong></span> <span class='ocrx_word' id='word_1_43' title='bbox 997 766 1293 857; x_wconf 66' lang='lat' dir='ltr'><strong>republica</strong></span> <span class='ocrx_word' id='word_1_44' title='bbox 1317 773 1461 831; x_wconf 89' lang='lat' dir='ltr'>nihil</span> <span class='ocrx_word' id='word_1_45' title='bbox 1486 784 1686 849; x_wconf 85' lang='lat' dir='ltr'><strong>praeter</strong></span> <span class='ocrx_word' id='word_1_46' title='bbox 1713 771 1950 849; x_wconf 86' lang='lat' dir='ltr'><strong>gloriam</strong></span> <span class='ocrx_word' id='word_1_47' title='bbox 1991 774 2221 853; x_wconf 81' lang='lat' dir='ltr'>ceperit.</span> 
     </span>
     <span class='ocr_line' id='line_1_7' title="bbox 440 868 2224 940; baseline -0.001 -10"><span class='ocrx_word' id='word_1_48' title='bbox 440 871 772 930; x_wconf 77' lang='lat' dir='ltr'><strong>Amicorum</strong></span> <span class='ocrx_word' id='word_1_49' title='bbox 824 869 882 927; x_wconf 91' lang='lat' dir='ltr'><strong>in</strong></span> <span class='ocrx_word' id='word_1_50' title='bbox 935 888 996 927; x_wconf 88' lang='lat' dir='ltr'><strong>se</strong></span> <span class='ocrx_word' id='word_1_51' title='bbox 1042 871 1256 929; x_wconf 91' lang='lat' dir='ltr'><strong>tuendo</strong></span> <span class='ocrx_word' id='word_1_52' title='bbox 1307 868 1490 928; x_wconf 86' lang='lat' dir='ltr'><strong>caruit</strong></span> <span class='ocrx_word' id='word_1_53' title='bbox 1542 868 1937 940; x_wconf 84' lang='lat' dir='ltr'><strong>facultatibus3</strong></span> <span class='ocrx_word' id='word_1_54' title='bbox 1990 869 2105 928; x_wconf 88' lang='lat' dir='ltr'><strong>fide</strong></span> <span class='ocrx_word' id='word_1_55' title='bbox 2153 870 2224 928; x_wconf 89' lang='lat' dir='ltr'><strong>ad</strong></span> 
     </span>
     <span class='ocr_line' id='line_1_8' title="bbox 440 959 2225 1043; baseline -0.002 -17"><span class='ocrx_word' id='word_1_56' title='bbox 440 966 579 1027; x_wconf 83' lang='lat' dir='ltr'><strong>alios</strong></span> <span class='ocrx_word' id='word_1_57' title='bbox 617 965 989 1025; x_wconf 87' lang='lat' dir='ltr'><strong>sublevandos</strong></span> <span class='ocrx_word' id='word_1_58' title='bbox 1031 965 1180 1043; x_wconf 71' lang='lat' dir='ltr'><strong>saepe</strong></span> <span class='ocrx_word' id='word_1_59' title='bbox 1222 965 1307 1023; x_wconf 89' lang='lat' dir='ltr'><strong>sic</strong></span> <span class='ocrx_word' id='word_1_60' title='bbox 1338 985 1474 1023; x_wconf 91' lang='lat' dir='ltr'><strong>usus</strong></span> <span class='ocrx_word' id='word_1_61' title='bbox 1514 976 1619 1039; x_wconf 88' lang='lat' dir='ltr'><strong>est,</strong></span> <span class='ocrx_word' id='word_1_62' title='bbox 1647 976 1711 1023; x_wconf 91' lang='lat' dir='ltr'><strong>ut</strong></span> <span class='ocrx_word' id='word_1_63' title='bbox 1746 965 1927 1041; x_wconf 78' lang='lat' dir='ltr'><strong>possit</strong></span> <span class='ocrx_word' id='word_1_64' title='bbox 1956 959 2225 1041; x_wconf 77' lang='lat' dir='ltr'><strong>judic&#39;ari,</strong></span> 
     </span>
     <span class='ocr_line' id='line_1_9' title="bbox 437 1059 2227 1135; baseline -0.001 -15"><span class='ocrx_word' id='word_1_65' title='bbox 437 1063 631 1120; x_wconf 88' lang='lat' dir='ltr'><strong>omnia</strong></span> <span class='ocrx_word' id='word_1_66' title='bbox 655 1062 709 1120; x_wconf 90' lang='lat' dir='ltr'><strong>ei</strong></span> <span class='ocrx_word' id='word_1_67' title='bbox 736 1079 868 1118; x_wconf 90' lang='lat' dir='ltr'><strong>cum</strong></span> <span class='ocrx_word' id='word_1_68' title='bbox 897 1060 1096 1120; x_wconf 87' lang='lat' dir='ltr'><strong>amicis</strong></span> <span class='ocrx_word' id='word_1_69' title='bbox 1123 1060 1297 1120; x_wconf 84' lang='lat' dir='ltr'><strong>fuisse</strong></span> <span class='ocrx_word' id='word_1_70' title='bbox 1325 1060 1664 1120; x_wconf 85' lang='lat' dir='ltr'><strong>communia.</strong></span> <span class='ocrx_word' id='word_1_71' title='bbox 1745 1059 1899 1118; x_wconf 90' lang='lat' dir='ltr'><strong>Nam</strong></span> <span class='ocrx_word' id='word_1_72' title='bbox 1926 1079 2094 1135; x_wconf 91' lang='lat' dir='ltr'><strong>quum</strong></span> <span class='ocrx_word' id='word_1_73' title='bbox 2124 1073 2227 1119; x_wconf 90' lang='lat' dir='ltr'><strong>aut</strong></span> 
     </span>
     <span class='ocr_line' id='line_1_10' title="bbox 437 1141 2227 1232; baseline 0 -17"><span class='ocrx_word' id='word_1_74' title='bbox 437 1157 648 1215; x_wconf 87' lang='lat' dir='ltr'><strong>civium</strong></span> <span class='ocrx_word' id='word_1_75' title='bbox 693 1164 920 1214; x_wconf 91' lang='lat' dir='ltr'><strong>suorum</strong></span> <span class='ocrx_word' id='word_1_76' title='bbox 968 1156 1169 1232; x_wconf 89' lang='lat' dir='ltr'><strong>aliquis</strong></span> <span class='ocrx_word' id='word_1_77' title='bbox 1214 1158 1287 1213; x_wconf 89' lang='lat' dir='ltr'><strong>ab</strong></span> <span class='ocrx_word' id='word_1_78' title='bbox 1328 1141 1594 1215; x_wconf 45' lang='lat' dir='ltr'><strong>&#39;hostibus</strong></span> <span class='ocrx_word' id='word_1_79' title='bbox 1650 1167 1800 1214; x_wconf 86' lang='lat' dir='ltr'><strong>esset</strong></span> <span class='ocrx_word' id='word_1_80' title='bbox 1850 1167 2069 1232; x_wconf 58' lang='lat' dir='ltr'><strong>capturi,</strong></span> <span class='ocrx_word' id='word_1_81' title='bbox 2123 1170 2227 1215; x_wconf 76' lang='lat' dir='ltr'><strong>aut</strong></span> 
     </span>
     <span class='ocr_line' id='line_1_11' title="bbox 328 1250 2223 1329; baseline -0.001 -18"><span class='ocrx_word' id='word_1_82' title='bbox 328 1254 401 1312; x_wconf 85' lang='lat'><strong>10</strong></span> <span class='ocrx_word' id='word_1_83' title='bbox 437 1252 594 1329; x_wconf 82' lang='lat' dir='ltr'><strong>virgo</strong></span> <span class='ocrx_word' id='word_1_84' title='bbox 641 1251 811 1309; x_wconf 90' lang='lat' dir='ltr'><strong>amici</strong></span> <span class='ocrx_word' id='word_1_85' title='bbox 855 1250 1066 1308; x_wconf 86' lang='lat' dir='ltr'><strong>nubilis</strong></span> <span class='ocrx_word' id='word_1_86' title='bbox 1110 1263 1334 1328; x_wconf 82' lang='lat' dir='ltr'><strong>propter</strong></span> <span class='ocrx_word' id='word_1_87' title='bbox 1369 1262 1757 1329; x_wconf 83' lang='lat' dir='ltr'><strong>paupertatem</strong></span> <span class='ocrx_word' id='word_1_88' title='bbox 1804 1251 2069 1309; x_wconf 91' lang='lat' dir='ltr'><strong>collocari</strong></span> <span class='ocrx_word' id='word_1_89' title='bbox 2104 1270 2223 1310; x_wconf 88' lang='lat' dir='ltr'><strong>non</strong></span> 
     </span>
     <span class='ocr_line' id='line_1_12' title="bbox 433 1346 2223 1424; baseline 0 -20"><span class='ocrx_word' id='word_1_90' title='bbox 433 1358 642 1424; x_wconf 88' lang='lat' dir='ltr'><strong>posset,</strong></span> <span class='ocrx_word' id='word_1_91' title='bbox 671 1346 992 1405; x_wconf 85' lang='lat' dir='ltr'><strong>amicorum·</strong></span> <span class='ocrx_word' id='word_1_92' title='bbox 1012 1347 1320 1404; x_wconf 87' lang='lat' dir='ltr'><strong>concilium</strong></span> <span class='ocrx_word' id='word_1_93' title='bbox 1361 1347 1626 1420; x_wconf 88' lang='lat' dir='ltr'><strong>habebat,</strong></span> <span class='ocrx_word' id='word_1_94' title='bbox 1655 1359 1731 1420; x_wconf 90' lang='lat' dir='ltr'><strong>et,</strong></span> <span class='ocrx_word' id='word_1_95' title='bbox 1767 1357 2038 1422; x_wconf 89' lang='lat' dir='ltr'><strong>quantum</strong></span> <span class='ocrx_word' id='word_1_96' title='bbox 2077 1347 2223 1422; x_wconf 87' lang='lat' dir='ltr'><strong>quis-</strong></span> 
     </span>
     <span class='ocr_line' id='line_1_13' title="bbox 436 1430 2222 1518; baseline 0 -18"><span class='ocrx_word' id='word_1_97' title='bbox 436 1462 544 1518; x_wconf 90' lang='lat' dir='ltr'><strong>que</strong></span> <span class='ocrx_word' id='word_1_98' title='bbox 583 1430 763 1514; x_wconf 85' lang='lat' dir='ltr'><strong>daret,</strong></span> <span class='ocrx_word' id='word_1_99' title='bbox 802 1462 905 1518; x_wconf 89' lang='lat' dir='ltr'><strong>pro</strong></span> <span class='ocrx_word' id='word_1_100' title='bbox 943 1442 1215 1517; x_wconf 88' lang='lat' dir='ltr'><strong>cujusque</strong></span> <span class='ocrx_word' id='word_1_101' title='bbox 1257 1441 1625 1501; x_wconf 83' lang='lat' dir='ltr'><strong>facultatibus</strong></span> <span class='ocrx_word' id='word_1_102' title='bbox 1648 1440 1973 1518; x_wconf 70' lang='lat' dir='ltr'><strong>imperabat.</strong></span> <span class='ocrx_word' id='word_1_103' title='bbox 2055 1441 2222 1500; x_wconf 88' lang='lat' dir='ltr'><strong>Eam-</strong></span> 
     </span>
     <span class='ocr_line' id='line_1_14' title="bbox 437 1536 2222 1615; baseline 0 -21"><span class='ocrx_word' id='word_1_104' title='bbox 437 1555 545 1611; x_wconf 90' lang='lat' dir='ltr'><strong>que</strong></span> <span class='ocrx_word' id='word_1_105' title='bbox 573 1555 851 1594; x_wconf 88' lang='lat' dir='ltr'><strong>summam</strong></span> <span class='ocrx_word' id='word_1_106' title='bbox 878 1556 1053 1611; x_wconf 90' lang='lat' dir='ltr'><strong>quum</strong></span> <span class='ocrx_word' id='word_1_107' title='bbox 1094 1538 1325 1610; x_wconf 84' lang='lat' dir='ltr'><strong>fecerat,</strong></span> <span class='ocrx_word' id='word_1_108' title='bbox 1365 1536 1692 1615; x_wconf 72' lang='lat' dir='ltr'><strong>priusquam</strong></span> <span class='ocrx_word' id='word_1_109' title='bbox 1734 1537 2014 1614; x_wconf 87' lang='lat' dir='ltr'><strong>acciperet</strong></span> <span class='ocrx_word' id='word_1_110' title='bbox 2053 1557 2222 1614; x_wconf 86' lang='lat' dir='ltr'><strong>pecu-</strong></span> 
     </span>
     <span class='ocr_line' id='line_1_15' title="bbox 437 1631 2221 1710; baseline 0.002 -21"><span class='ocrx_word' id='word_1_111' title='bbox 437 1631 611 1705; x_wconf 82' lang='lat' dir='ltr'><strong>niam,</strong></span> <span class='ocrx_word' id='word_1_112' title='bbox 653 1631 971 1710; x_wconf 61' lang='lat' dir='ltr'><strong>adducebat</strong></span> <span class='ocrx_word' id='word_1_113' title='bbox 1010 1642 1160 1705; x_wconf 82' lang='lat' dir='ltr'><strong>eum,</strong></span> <span class='ocrx_word' id='word_1_114' title='bbox 1200 1631 1297 1708; x_wconf 92' lang='lat' dir='ltr'><strong>qui</strong></span> <span class='ocrx_word' id='word_1_115' title='bbox 1336 1631 1641 1709; x_wconf 83' lang='lat' dir='ltr'><strong>quaerebat‚</strong></span> <span class='ocrx_word' id='word_1_116' title='bbox 1685 1633 1756 1689; x_wconf 91' lang='lat' dir='ltr'><strong>ad</strong></span> <span class='ocrx_word' id='word_1_117' title='bbox 1797 1652 1912 1704; x_wconf 76' lang='lat' dir='ltr'><strong>eOS,</strong></span> <span class='ocrx_word' id='word_1_118' title='bbox 1954 1633 2048 1706; x_wconf 81' lang='lat' dir='ltr'><strong>qui</strong></span> <span class='ocrx_word' id='word_1_119' title='bbox 2090 1653 2221 1692; x_wconf 91' lang='lat' dir='ltr'><strong>con-</strong></span> 
     </span>
     <span class='ocr_line' id='line_1_16' title="bbox 327 1726 2219 1804; baseline 0.001 -21"><span class='ocrx_word' id='word_1_120' title='bbox 327 1726 399 1784; x_wconf 90' lang='lat'><strong>15</strong></span> <span class='ocrx_word' id='word_1_121' title='bbox 440 1726 727 1785; x_wconf 86' lang='lat' dir='ltr'><strong>ferebant:</strong></span> <span class='ocrx_word' id='word_1_122' title='bbox 769 1726 932 1802; x_wconf 80' lang='lat' dir='ltr'><strong>eique</strong></span> <span class='ocrx_word' id='word_1_123' title='bbox 961 1737 1022 1785; x_wconf 94' lang='lat' dir='ltr'><strong>ut</strong></span> <span class='ocrx_word' id='word_1_124' title='bbox 1048 1726 1155 1804; x_wconf 89' lang='lat' dir='ltr'><strong>ipsi</strong></span> <span class='ocrx_word' id='word_1_125' title='bbox 1183 1738 1568 1800; x_wconf 86' lang='lat' dir='ltr'><strong>numerarent,</strong></span> <span class='ocrx_word' id='word_1_126' title='bbox 1598 1727 1874 1785; x_wconf 80' lang='lat' dir='ltr'><strong>faciebat:</strong></span> <span class='ocrx_word' id='word_1_127' title='bbox 1916 1741 1976 1785; x_wconf 85' lang='lat' dir='ltr'><strong>ut</strong></span> <span class='ocrx_word' id='word_1_128' title='bbox 2003 1728 2118 1801; x_wconf 92' lang='lat' dir='ltr'><strong>ille,</strong></span> <span class='ocrx_word' id='word_1_129' title='bbox 2149 1729 2219 1786; x_wconf 90' lang='lat' dir='ltr'><strong>ad</strong></span> 
     </span>
     <span class='ocr_line' id='line_1_17' title="bbox 438 1809 2216 1904; baseline 0.001 -25"><span class='ocrx_word' id='word_1_130' title='bbox 438 1840 606 1897; x_wconf 89' lang='lat' dir='ltr'><strong>quem</strong></span> <span class='ocrx_word' id='word_1_131' title='bbox 647 1822 722 1879; x_wconf 82' lang='lat' dir='ltr'><strong>ea</strong></span> <span class='ocrx_word' id='word_1_132' title='bbox 755 1841 847 1880; x_wconf 87' lang='lat' dir='ltr'><strong>res</strong></span> <span class='ocrx_word' id='word_1_133' title='bbox 883 1809 1268 1899; x_wconf 85' lang='lat' dir='ltr'><strong>perveniebat,</strong></span> <span class='ocrx_word' id='word_1_134' title='bbox 1299 1823 1490 1904; x_wconf 75' lang='lat' dir='ltr'><strong>sciret,</strong></span> <span class='ocrx_word' id='word_1_135' title='bbox 1530 1834 1805 1900; x_wconf 87' lang='lat' dir='ltr'><strong>quantum</strong></span> <span class='ocrx_word' id='word_1_136' title='bbox 1844 1823 2045 1898; x_wconf 88' lang='lat' dir='ltr'><strong>cuique</strong></span> <span class='ocrx_word' id='word_1_137' title='bbox 2085 1822 2216 1882; x_wconf 88' lang='lat' dir='ltr'><strong>deb-</strong></span> 
     </span>
    </p>

    <p class='ocr_par' dir='ltr' id='par_1_5' title="bbox 435 1930 1756 1987">
     <span class='ocr_line' id='line_1_18' title="bbox 435 1930 1756 1987; baseline 0 -11"><span class='ocrx_word' id='word_1_138' title='bbox 435 1930 570 1977; x_wconf 89' lang='lat' dir='ltr'><strong>eret.</strong></span> <span class='ocrx_word' id='word_1_139' title='bbox 1676 1966 1687 1987; x_wconf 66' lang='grc'>,</span> <span class='ocrx_word' id='word_1_140' title='bbox 1754 1937 1756 1939; x_wconf 56' lang='lat'><em>&#39;</em></span> 
     </span>
    </p>

    <p class='ocr_par' dir='ltr' id='par_1_6' title="bbox 319 2012 2221 2657">
     <span class='ocr_line' id='line_1_19' title="bbox 513 2012 2219 2091; baseline 0.001 -20"><span class='ocrx_word' id='word_1_141' title='bbox 513 2013 618 2071; x_wconf 92' lang='lat' dir='ltr'><strong>IV.</strong></span> <span class='ocrx_word' id='word_1_142' title='bbox 701 2012 956 2072; x_wconf 87' lang='lat' dir='ltr'><strong>Tentata</strong></span> <span class='ocrx_word' id='word_1_143' title='bbox 996 2026 1182 2072; x_wconf 90' lang='lat' dir='ltr'><strong>autem</strong></span> <span class='ocrx_word' id='word_1_144' title='bbox 1223 2015 1348 2091; x_wconf 87' lang='lat' dir='ltr'><strong>ejus</strong></span> <span class='ocrx_word' id='word_1_145' title='bbox 1387 2026 1475 2072; x_wconf 85' lang='lat' dir='ltr'><strong>est</strong></span> <span class='ocrx_word' id='word_1_146' title='bbox 1516 2013 1857 2073; x_wconf 88' lang='lat' dir='ltr'><strong>abstinentia</strong></span> <span class='ocrx_word' id='word_1_147' title='bbox 1894 2028 1943 2071; x_wconf 56' lang='lat' dir='ltr'><strong>*a</strong></span> <span class='ocrx_word' id='word_1_148' title='bbox 1993 2013 2219 2075; x_wconf 87' lang='lat' dir='ltr'><strong>Diome-</strong></span> 
     </span>
     <span class='ocr_line' id='line_1_20' title="bbox 436 2107 2220 2187; baseline 0.003 -24"><span class='ocrx_word' id='word_1_149' title='bbox 436 2107 607 2165; x_wconf 90' lang='lat' dir='ltr'><strong>donte</strong></span> <span class='ocrx_word' id='word_1_150' title='bbox 649 2108 968 2182; x_wconf 51' lang='lat' dir='ltr'><strong>cyziceno„</strong></span> <span class='ocrx_word' id='word_1_151' title='bbox 1039 2108 1303 2184; x_wconf 88' lang='lat' dir='ltr'><strong>Namque</strong></span> <span class='ocrx_word' id='word_1_152' title='bbox 1330 2110 1379 2167; x_wconf 87' lang='lat' dir='ltr'><strong>is</strong></span> <span class='ocrx_word' id='word_1_153' title='bbox 1418 2121 1618 2187; x_wconf 87' lang='lat' dir='ltr'><strong>rogatu</strong></span> <span class='ocrx_word' id='word_1_154' title='bbox 1659 2110 1988 2168; x_wconf 84' lang='lat' dir='ltr'><strong>Artaxerxis</strong></span> <span class='ocrx_word' id='word_1_155' title='bbox 2013 2111 2220 2187; x_wconf 88' lang='lat' dir='ltr'><strong>Epam-</strong></span> 
     </span>
     <span class='ocr_line' id='line_1_21' title="bbox 319 2199 2221 2281; baseline 0.004 -24"><span class='ocrx_word' id='word_1_156' title='bbox 319 2199 398 2257; x_wconf 71' lang='lat'><strong>20</strong></span> <span class='ocrx_word' id='word_1_157' title='bbox 433 2199 705 2258; x_wconf 87' lang='lat' dir='ltr'><strong>inondam</strong></span> <span class='ocrx_word' id='word_1_158' title='bbox 776 2201 1025 2275; x_wconf 67' lang='lat' dir='ltr'><strong>pecunia</strong></span> <span class='ocrx_word' id='word_1_159' title='bbox 1091 2204 1570 2279; x_wconf 84' lang='lat' dir='ltr'><strong>corrumpendum</strong></span> <span class='ocrx_word' id='word_1_160' title='bbox 1645 2216 1978 2281; x_wconf 75' lang='lat' dir='ltr'><strong>susceperat.</strong></span> <span class='ocrx_word' id='word_1_161' title='bbox 2103 2206 2221 2264; x_wconf 91' lang='lat' dir='ltr'><strong>Hic</strong></span> 
     </span>
     <span class='ocr_line' id='line_1_22' title="bbox 436 2291 2221 2374; baseline 0.004 -23"><span class='ocrx_word' id='word_1_162' title='bbox 436 2312 644 2369; x_wconf 88' lang='lat' dir='ltr'><strong>magno</strong></span> <span class='ocrx_word' id='word_1_163' title='bbox 683 2312 816 2351; x_wconf 88' lang='lat' dir='ltr'><strong>curn</strong></span> <span class='ocrx_word' id='word_1_164' title='bbox 861 2291 1112 2370; x_wconf 82' lang='lat' dir='ltr'><strong>pondere</strong></span> <span class='ocrx_word' id='word_1_165' title='bbox 1152 2296 1275 2368; x_wconf 84' lang='lat' dir='ltr'><strong>auri</strong></span> <span class='ocrx_word' id='word_1_166' title='bbox 1315 2297 1568 2358; x_wconf 82' lang='lat' dir='ltr'><strong>Thebas</strong></span> <span class='ocrx_word' id='word_1_167' title='bbox 1591 2299 1765 2371; x_wconf 86' lang='lat' dir='ltr'><strong>venit,</strong></span> <span class='ocrx_word' id='word_1_168' title='bbox 1804 2311 1861 2357; x_wconf 90' lang='lat' dir='ltr'><strong>et</strong></span> <span class='ocrx_word' id='word_1_169' title='bbox 1898 2298 2221 2374; x_wconf 87' lang='lat' dir='ltr'><strong>Micythum</strong></span> 
     </span>
     <span class='ocr_line' id='line_1_23' title="bbox 438 2388 2220 2470; baseline 0.004 -23"><span class='ocrx_word' id='word_1_170' title='bbox 438 2388 918 2447; x_wconf 86' lang='lat' dir='ltr'><strong>adolescentulum</strong></span> <span class='ocrx_word' id='word_1_171' title='bbox 944 2389 1191 2465; x_wconf 84' lang='lat' dir='ltr'><strong>quinque</strong></span> <span class='ocrx_word' id='word_1_172' title='bbox 1213 2391 1442 2451; x_wconf 86' lang='lat' dir='ltr'><strong>talentis</strong></span> <span class='ocrx_word' id='word_1_173' title='bbox 1472 2394 1542 2450; x_wconf 89' lang='lat' dir='ltr'><strong>ad</strong></span> <span class='ocrx_word' id='word_1_174' title='bbox 1571 2413 1732 2452; x_wconf 88' lang='lat' dir='ltr'><strong>suam</strong></span> <span class='ocrx_word' id='word_1_175' title='bbox 1747 2395 2009 2470; x_wconf 86' lang='lat' dir='ltr'><strong>perduxit</strong></span> <span class='ocrx_word' id='word_1_176' title='bbox 2028 2397 2220 2468; x_wconf 80' lang='lat' dir='ltr'><strong>volun·</strong></span> 
     </span>
     <span class='ocr_line' id='line_1_24' title="bbox 433 2486 2215 2573; baseline 0.001 -27"><span class='ocrx_word' id='word_1_177' title='bbox 433 2498 641 2546; x_wconf 86' lang='lat' dir='ltr'><strong>tatem:</strong></span> <span class='ocrx_word' id='word_1_178' title='bbox 707 2497 875 2560; x_wconf 65' lang='lat' dir='ltr'><strong>qum</strong></span> <span class='ocrx_word' id='word_1_179' title='bbox 927 2498 1047 2544; x_wconf 91' lang='lat' dir='ltr'><strong>tum</strong></span> <span class='ocrx_word' id='word_1_180' title='bbox 1101 2486 1526 2563; x_wconf 88' lang='lat' dir='ltr'><strong>Epaminondas</strong></span> <span class='ocrx_word' id='word_1_181' title='bbox 1571 2488 1877 2565; x_wconf 75' lang='lat' dir='ltr'><strong>plurimum</strong></span> <span class='ocrx_word' id='word_1_182' title='bbox 1929 2490 2215 2573; x_wconf 79' lang='lat' dir='ltr'><strong>diligebat.</strong></span> 
     </span>
     <span class='ocr_line' id='line_1_25' title="bbox 435 2580 2218 2657; baseline 0.004 -20"><span class='ocrx_word' id='word_1_183' title='bbox 435 2580 726 2655; x_wconf 89' lang='lat' dir='ltr'><strong>Micythus</strong></span> <span class='ocrx_word' id='word_1_184' title='bbox 766 2580 1220 2656; x_wconf 87' lang='lat' dir='ltr'><strong>Epaminondam</strong></span> <span class='ocrx_word' id='word_1_185' title='bbox 1261 2583 1546 2657; x_wconf 89' lang='lat' dir='ltr'><strong>convenit,</strong></span> <span class='ocrx_word' id='word_1_186' title='bbox 1574 2595 1633 2642; x_wconf 91' lang='lat' dir='ltr'><strong>et</strong></span> <span class='ocrx_word' id='word_1_187' title='bbox 1671 2602 1903 2642; x_wconf 88' lang='lat' dir='ltr'><strong>causam</strong></span> <span class='ocrx_word' id='word_1_188' title='bbox 1944 2586 2218 2648; x_wconf 77' lang='lat' dir='ltr'><strong>adventus</strong></span> 
     </span>
    </p>

    <p class='ocr_par' dir='ltr' id='par_1_7' title="bbox 318 2674 2281 3516">
     <span class='ocr_line' id='line_1_26' title="bbox 318 2674 2281 2764; baseline 0.004 -30"><span class='ocrx_word' id='word_1_189' title='bbox 318 2676 398 2734; x_wconf 80' lang='lat'><strong>25</strong></span> <span class='ocrx_word' id='word_1_190' title='bbox 434 2674 830 2742; x_wconf 85' lang='lat' dir='ltr'><strong>Diomedontis</strong></span> <span class='ocrx_word' id='word_1_191' title='bbox 899 2675 1162 2735; x_wconf 86' lang='lat' dir='ltr'><strong>ostendit.</strong></span> <span class='ocrx_word' id='word_1_192' title='bbox 1271 2679 1353 2736; x_wconf 85' lang='lat' dir='ltr'><strong>At</strong></span> <span class='ocrx_word' id='word_1_193' title='bbox 1419 2678 1514 2737; x_wconf 87' lang='lat' dir='ltr'><strong>ille</strong></span> <span class='ocrx_word' id='word_1_194' title='bbox 1574 2677 1953 2739; x_wconf 88' lang='lat' dir='ltr'><strong>Diomedonte</strong></span> <span class='ocrx_word' id='word_1_195' title='bbox 2005 2700 2213 2755; x_wconf 89' lang='lat' dir='ltr'><strong>coram,</strong></span> <span class='ocrx_word' id='word_1_196' title='bbox 2236 2721 2281 2764; x_wconf 63' lang='lat'><em>,</em></span> 
     </span>
     <span class='ocr_line' id='line_1_27' title="bbox 434 2768 2214 2849; baseline 0.003 -21"><span class='ocrx_word' id='word_1_197' title='bbox 434 2770 622 2844; x_wconf 77' lang='lat' dir='ltr'><strong>Nihil,</strong></span> <span class='ocrx_word' id='word_1_198' title='bbox 651 2768 858 2843; x_wconf 82' lang='lat' dir='ltr'><strong>inquit,</strong></span> <span class='ocrx_word' id='word_1_199' title='bbox 882 2789 1018 2846; x_wconf 80' lang='lat' dir='ltr'><strong>opas</strong></span> <span class='ocrx_word' id='word_1_200' title='bbox 1047 2770 1298 2847; x_wconf 62' lang='lat' dir='ltr'><strong>pecunia</strong></span> <span class='ocrx_word' id='word_1_201' title='bbox 1337 2781 1435 2831; x_wconf 86' lang='lat' dir='ltr'><strong>est.</strong></span> <span class='ocrx_word' id='word_1_202' title='bbox 1517 2773 1672 2831; x_wconf 88' lang='lat' dir='ltr'><strong>Nam</strong></span> <span class='ocrx_word' id='word_1_203' title='bbox 1710 2774 1763 2831; x_wconf 82' lang='lat' dir='ltr'><strong>si</strong></span> <span class='ocrx_word' id='word_1_204' title='bbox 1800 2794 1871 2832; x_wconf 85' lang='lat' dir='ltr'><strong>ea</strong></span> <span class='ocrx_word' id='word_1_205' title='bbox 1905 2774 2036 2833; x_wconf 71' lang='lat' dir='ltr'><strong>Rex</strong></span> <span class='ocrx_word' id='word_1_206' title='bbox 2075 2776 2214 2849; x_wconf 82' lang='lat' dir='ltr'><strong>vult,</strong></span> 
     </span>
     <span class='ocr_line' id='line_1_28' title="bbox 434 2864 2211 2946; baseline 0.002 -22"><span class='ocrx_word' id='word_1_207' title='bbox 434 2884 555 2943; x_wconf 78' lang='lat' dir='ltr'><strong>qace</strong></span> <span class='ocrx_word' id='word_1_208' title='bbox 606 2864 888 2940; x_wconf 76' lang='lat' dir='ltr'><strong>Thebanis</strong></span> <span class='ocrx_word' id='word_1_209' title='bbox 928 2866 1045 2923; x_wconf 84' lang='lat' dir='ltr'><strong>sint</strong></span> <span class='ocrx_word' id='word_1_210' title='bbox 1082 2867 1273 2940; x_wconf 79' lang='lat' dir='ltr'><strong>utilia,</strong></span> <span class='ocrx_word' id='word_1_211' title='bbox 1296 2868 1514 2942; x_wconf 83' lang='lat' dir='ltr'><strong>gratiis</strong></span> <span class='ocrx_word' id='word_1_212' title='bbox 1537 2867 1746 2944; x_wconf 84' lang='lat' dir='ltr'><strong>facere</strong></span> <span class='ocrx_word' id='word_1_213' title='bbox 1775 2888 1892 2926; x_wconf 81' lang='lat' dir='ltr'><strong>sam</strong></span> <span class='ocrx_word' id='word_1_214' title='bbox 1920 2878 2168 2946; x_wconf 81' lang='lat' dir='ltr'><strong>paratus</strong></span> <span class='ocrx_word' id='word_1_215' title='bbox 2189 2891 2211 2934; x_wconf 79' lang='lat'><strong>,-</strong></span> 
     </span>
     <span class='ocr_line' id='line_1_29' title="bbox 434 2961 2212 3039; baseline 0.003 -22"><span class='ocrx_word' id='word_1_216' title='bbox 434 2962 523 3017; x_wconf 80' lang='lat' dir='ltr'><strong>sin</strong></span> <span class='ocrx_word' id='word_1_217' title='bbox 551 2970 732 3019; x_wconf 84' lang='lat' dir='ltr'><strong>autem</strong></span> <span class='ocrx_word' id='word_1_218' title='bbox 762 2961 1071 3035; x_wconf 83' lang='lat' dir='ltr'><strong>contraria,</strong></span> <span class='ocrx_word' id='word_1_219' title='bbox 1100 2980 1210 3019; x_wconf 80' lang='lat' dir='ltr'><strong>non</strong></span> <span class='ocrx_word' id='word_1_220' title='bbox 1236 2962 1402 3022; x_wconf 74' lang='lat' dir='ltr'><strong>habet</strong></span> <span class='ocrx_word' id='word_1_221' title='bbox 1428 2964 1561 3020; x_wconf 83' lang='lat' dir='ltr'><strong>auri</strong></span> <span class='ocrx_word' id='word_1_222' title='bbox 1587 2972 1753 3039; x_wconf 79' lang='lat' dir='ltr'><strong>atque</strong></span> <span class='ocrx_word' id='word_1_223' title='bbox 1780 2966 2008 3039; x_wconf 80' lang='lat' dir='ltr'><strong>argenti</strong></span> <span class='ocrx_word' id='word_1_224' title='bbox 2032 2962 2173 3022; x_wconf 77' lang='lat' dir='ltr'><strong>satis</strong></span> <span class='ocrx_word' id='word_1_225' title='bbox 2190 2987 2212 3031; x_wconf 78' lang='lat'><strong>,-</strong></span> 
     </span>
     <span class='ocr_line' id='line_1_30' title="bbox 433 3055 2214 3136; baseline 0.004 -26"><span class='ocrx_word' id='word_1_226' title='bbox 433 3072 665 3131; x_wconf 79' lang='lat' dir='ltr'><strong>namque</strong></span> <span class='ocrx_word' id='word_1_227' title='bbox 692 3055 815 3113; x_wconf 80' lang='lat' dir='ltr'><strong>orbi</strong></span> <span class='ocrx_word' id='word_1_228' title='bbox 869 3063 1148 3113; x_wconf 81' lang='lat' dir='ltr'><strong>terrarum</strong></span> <span class='ocrx_word' id='word_1_229' title='bbox 1175 3056 1413 3115; x_wconf 85' lang='lat' dir='ltr'><strong>divitias</strong></span> <span class='ocrx_word' id='word_1_230' title='bbox 1443 3057 1693 3133; x_wconf 81' lang='lat' dir='ltr'><strong>accipere</strong></span> <span class='ocrx_word' id='word_1_231' title='bbox 1713 3059 1857 3132; x_wconf 82' lang='lat' dir='ltr'><strong>nolo,</strong></span> <span class='ocrx_word' id='word_1_232' title='bbox 1869 3078 1982 3135; x_wconf 83' lang='lat' dir='ltr'><strong>pro</strong></span> <span class='ocrx_word' id='word_1_233' title='bbox 1997 3060 2214 3136; x_wconf 70' lang='lat' dir='ltr'><strong>patrica</strong></span> 
     </span>
     <span class='ocr_line' id='line_1_31' title="bbox 320 3148 2215 3231; baseline 0.004 -26"><span class='ocrx_word' id='word_1_234' title='bbox 320 3148 398 3229; x_wconf 76' lang='grc'><strong>30</strong></span> <span class='ocrx_word' id='word_1_235' title='bbox 436 3148 694 3207; x_wconf 85' lang='lat' dir='ltr'><strong>caritate.</strong></span> <span class='ocrx_word' id='word_1_236' title='bbox 786 3150 887 3224; x_wconf 88' lang='lat' dir='ltr'><strong>Te,</strong></span> <span class='ocrx_word' id='word_1_237' title='bbox 909 3151 1009 3227; x_wconf 79' lang='lat' dir='ltr'><strong>qai</strong></span> <span class='ocrx_word' id='word_1_238' title='bbox 1032 3170 1114 3209; x_wconf 88' lang='lat' dir='ltr'><strong>me</strong></span> <span class='ocrx_word' id='word_1_239' title='bbox 1134 3152 1480 3227; x_wconf 80' lang='lat' dir='ltr'><strong>incognitum</strong></span> <span class='ocrx_word' id='word_1_240' title='bbox 1501 3155 1753 3228; x_wconf 80' lang='lat' dir='ltr'><strong>tentasti,</strong></span> <span class='ocrx_word' id='word_1_241' title='bbox 1776 3155 1966 3231; x_wconf 79' lang='lat' dir='ltr'><strong>tuique</strong></span> <span class='ocrx_word' id='word_1_242' title='bbox 1987 3155 2215 3213; x_wconf 83' lang='lat' dir='ltr'><strong>similem</strong></span> 
     </span>
     <span class='ocr_line' id='line_1_32' title="bbox 435 3242 2212 3325; baseline 0.004 -25"><span class='ocrx_word' id='word_1_243' title='bbox 435 3242 802 3318; x_wconf 74' lang='lat' dir='ltr'><strong>ezistamasti,</strong></span> <span class='ocrx_word' id='word_1_244' title='bbox 856 3265 965 3304; x_wconf 82' lang='lat' dir='ltr'><strong>non</strong></span> <span class='ocrx_word' id='word_1_245' title='bbox 1009 3247 1201 3320; x_wconf 81' lang='lat' dir='ltr'><strong>miror,</strong></span> <span class='ocrx_word' id='word_1_246' title='bbox 1243 3246 1454 3324; x_wconf 80' lang='lat' dir='ltr'><strong>tibique</strong></span> <span class='ocrx_word' id='word_1_247' title='bbox 1491 3248 1720 3323; x_wconf 81' lang='lat' dir='ltr'><strong>ignosco</strong></span> <span class='ocrx_word' id='word_1_248' title='bbox 1736 3271 1757 3313; x_wconf 90' lang='lat'><strong>,·</strong></span> <span class='ocrx_word' id='word_1_249' title='bbox 1822 3249 1923 3306; x_wconf 85' lang='lat' dir='ltr'><strong>sed</strong></span> <span class='ocrx_word' id='word_1_250' title='bbox 1956 3249 2212 3325; x_wconf 76' lang='lat' dir='ltr'><strong>egredere</strong></span> 
     </span>
     <span class='ocr_line' id='line_1_33' title="bbox 425 3337 2207 3420; baseline 0.003 -25"><span class='ocrx_word' id='word_1_251' title='bbox 425 3337 687 3415; x_wconf 69' lang='lat' dir='ltr'><strong>propere,</strong></span> <span class='ocrx_word' id='word_1_252' title='bbox 734 3359 801 3398; x_wconf 79' lang='lat' dir='ltr'><strong>ne</strong></span> <span class='ocrx_word' id='word_1_253' title='bbox 852 3343 995 3399; x_wconf 65' lang='lat' dir='ltr'><strong>alios</strong></span> <span class='ocrx_word' id='word_1_254' title='bbox 1049 3361 1393 3418; x_wconf 82' lang='lat' dir='ltr'><strong>corrumpas,</strong></span> <span class='ocrx_word' id='word_1_255' title='bbox 1448 3363 1612 3419; x_wconf 80' lang='lat' dir='ltr'><strong>qaam</strong></span> <span class='ocrx_word' id='word_1_256' title='bbox 1657 3364 1737 3401; x_wconf 89' lang='lat' dir='ltr'><strong>me</strong></span> <span class='ocrx_word' id='word_1_257' title='bbox 1781 3362 1891 3406; x_wconf 79' lang='lat' dir='ltr'><strong>non</strong></span> <span class='ocrx_word' id='word_1_258' title='bbox 1933 3345 2207 3420; x_wconf 80' lang='lat' dir='ltr'><strong>potueris.</strong></span> 
     </span>
     <span class='ocr_line' id='line_1_34' title="bbox 448 3429 2210 3516; baseline 0.002 -23"><span class='ocrx_word' id='word_1_259' title='bbox 448 3434 557 3508; x_wconf 77' lang='lat' dir='ltr'><strong>Tu,</strong></span> <span class='ocrx_word' id='word_1_260' title='bbox 598 3433 873 3511; x_wconf 73' lang='lat' dir='ltr'><strong>Micythe,</strong></span> <span class='ocrx_word' id='word_1_261' title='bbox 914 3445 1208 3513; x_wconf 80' lang='lat' dir='ltr'><strong>argentum</strong></span> <span class='ocrx_word' id='word_1_262' title='bbox 1248 3437 1377 3495; x_wconf 73' lang='lat' dir='ltr'><strong>huic</strong></span> <span class='ocrx_word' id='word_1_263' title='bbox 1416 3429 1582 3496; x_wconf 83' lang='lat' dir='ltr'><strong>redde</strong></span> <span class='ocrx_word' id='word_1_264' title='bbox 1597 3460 1619 3503; x_wconf 84' lang='lat'><strong>‚-</strong></span> <span class='ocrx_word' id='word_1_265' title='bbox 1665 3439 1780 3496; x_wconf 83' lang='lat' dir='ltr'><strong>nisi</strong></span> <span class='ocrx_word' id='word_1_266' title='bbox 1816 3439 1885 3497; x_wconf 82' lang='lat' dir='ltr'><strong>id</strong></span> <span class='ocrx_word' id='word_1_267' title='bbox 1920 3438 2210 3516; x_wconf 81' lang='lat' dir='ltr'><strong>&#39;confestim</strong></span> 
     </span>
    </p>
   </div>
  </div>
 </body>
</html>
