2492 4207
1014 246 1259 297 elmon.
2072 237 2145 294 21

220 406 459 482 plicem
488 407 604 466 Dei
630 406 933 486 videretin
961 408 1060 465 ara
1086 408 1400 480 sedentem,
1428 406 1645 483 quaerit,
1673 425 1860 466 causae
1897 407 2031 484 quid

221 502 313 561 sit
344 516 467 562 tam
494 503 795 580 repentino
841 504 1095 575 consilio.
1179 501 1339 560 Huic
1380 502 1493 576 ille,
1537 503 1670 579 quid
1716 523 1787 562 ex
1833 502 2036 562 litteris

221 599 646 675 comperisset,
666 597 855 675 aperit.
937 597 1133 657 Tanto
1149 596 1333 675 magis
1350 597 1663 656 Pausanias
1677 599 2035 675 perturbatus

221 711 414 752 orare
443 693 639 770 coepit,
667 714 738 752 ne
764 694 1107 768 enuntiaret,
1134 713 1246 752 nec
1273 712 1355 767 se,
1385 692 1649 750 meritum
1692 695 1762 752 de
1805 695 1900 753 illo
1940 714 2035 771 op-

222 787 417 862 time,
465 790 739 865 proderet.
819 787 999 853 Quod
1052 788 1102 847 si
1147 808 1276 847 eam
1330 788 1555 846 veniam
1607 787 1716 845 sibi
1766 790 2032 862 dedisset,
2071 792 2111 847 5

224 884 539 960 tantisque
565 885 899 962 implicitum
938 885 1108 944 rebus
1146 885 1512 959 sublevasset,
1561 903 1771 962 magno
1813 905 1937 944 esse
1979 885 2033 943 ei

227 979 484 1055 praemio
510 983 774 1039 futurum.
960 1045 969 1055 ,

327 1076 401 1134 V.
482 1076 592 1135 His
617 1077 787 1136 rebus
814 1077 1030 1155 Ephori
1057 1076 1300 1154 cognitis
1348 1077 1524 1135 satius
1568 1088 1927 1154 putaverunt,
1976 1075 2034 1134 in

232 1173 391 1230 tube
418 1191 548 1231 eum
575 1174 999 1250 comprehendi.
1080 1172 1219 1237 Quo
1240 1192 1415 1249 quum
1441 1187 1632 1232 essent
1672 1172 1931 1251 profecti,
1977 1183 2036 1229 et

237 1267 581 1342 Pausanias,
608 1270 836 1346 placato
863 1269 1103 1346 Argilio,
1145 1282 1208 1328 ut
1252 1270 1506 1346 putabat,
1556 1270 2030 1328 Lacedaemonem
2076 1268 2148 1324 lo

239 1377 619 1424 reverteretur
642 1386 657 1437 ;
701 1365 762 1422 in
790 1364 1011 1439 itinere,
1037 1385 1212 1443 quum
1234 1366 1355 1442 jam
1384 1366 1443 1422 in
1470 1385 1540 1424 eo
1566 1377 1739 1440 esset,
1776 1378 1839 1423 ut
1881 1382 2039 1423 com*

239 1461 712 1535 prehenderetur,
741 1480 774 1518 e
801 1462 955 1519 vultu
971 1463 1277 1538 cujusdam
1307 1460 1521 1537 Ephori
1547 1462 1644 1536 qui
1672 1480 1804 1519 eum
1842 1461 2031 1518 admo-

242 1574 381 1614 nere
404 1557 691 1633 cupiebat,
713 1557 950 1615 insidias
971 1557 1080 1615 sibi
1097 1557 1220 1615 fieri
1238 1556 1532 1614 intellexit.
1615 1555 1815 1631 Itaque
1831 1555 2031 1632 paucis

243 1651 377 1709 ante
406 1653 695 1730 gradibuS,
713 1650 884 1728 quam
910 1653 1008 1729 qui
1029 1653 1431 1728 sequebantur,
1461 1651 1521 1708 in
1538 1653 1717 1710 aedem
1735 1651 2028 1723 Minervae,

238 1766 366 1822 quae
395 1748 761 1806 Chalcioecus
785 1762 1036 1822 vocatur,
1065 1749 1338 1825 confugit.
1420 1747 1578 1806 Hinc
1603 1767 1677 1806 ne
1718 1747 1872 1806 exire
1906 1766 2029 1823 pos-
2072 1747 2145 1802 15

238 1855 349 1917 set,
379 1843 574 1901 statim
616 1842 833 1917 Ephori
878 1844 1065 1899 valvas
1104 1844 1228 1918 ejus
1276 1843 1412 1899 aedis
1457 1844 1875 1914 obstruxerunt,
1914 1854 2030 1900 tec-

235 1952 479 2011 tumque
507 1947 641 1994 sunt
679 1934 953 2007 demoliti,
1001 1933 1113 2010 quo
1161 1933 1388 1992 facilius
1433 1937 1538 1993 sub
1586 1937 1715 1995 divo
1761 1936 2027 1995 interiret.

238 2032 496 2105 Dicitur,
525 2051 594 2089 eo
618 2044 869 2108 tempore
895 2042 1133 2091 matrem
1179 2031 1480 2108 Pausanuiae
1525 2032 1750 2108 vixisse,
1793 2052 2029 2110 eamque

235 2132 360 2207 jam
387 2147 595 2205 magno
621 2140 780 2202 natu,
808 2140 1103 2204 postquam
1129 2129 1201 2186 de
1229 2129 1444 2186 scelere
1486 2129 1591 2187 filii
1629 2131 1921 2208 comperit,
1967 2131 2025 2188 in

239 2226 459 2302 primis,
488 2226 561 2283 ad
588 2226 766 2284 filium
793 2226 1194 2299 claudendum,
1211 2226 1458 2303 lapidem
1484 2228 1556 2286 ad
1578 2226 1870 2287 introitum
1888 2229 2024 2286 aedis
2066 2226 2145 2283 20

245 2323 516 2381 attulisse.
600 2323 701 2381 Sic
742 2321 1056 2381 Pausanias
1100 2342 1369 2399 magnam
1416 2322 1549 2381 belli
1591 2325 1827 2400 gloriam
1875 2325 2023 2400 turpi

243 2431 425 2478 morte
477 2418 798 2477 maculavit.
896 2418 1014 2475 Hic
1066 2436 1238 2493 quum
1286 2419 1634 2478 semianimis
1686 2422 1757 2477 de
1812 2423 2025 2497 templo

246 2516 437 2575 elatus
464 2529 633 2589 esset,
662 2514 961 2574 confestim
992 2514 1240 2571 animam
1287 2513 1509 2572 efflavit.
1593 2514 1773 2590 Cujus
1817 2517 2023 2574 mortui

244 2631 453 2687 corpus
472 2630 645 2686 quum
671 2609 875 2667 eodem
903 2608 1162 2672 nonnulli
1203 2609 1460 2668 dicerent
1505 2609 1700 2669 inferri
1744 2623 2018 2688 oportere,

247 2706 361 2782 quo
384 2707 463 2778 hi,
484 2707 581 2781 qui
598 2707 669 2763 ad
685 2706 1021 2782 supplicium
1043 2718 1233 2765 essent
1253 2706 1371 2764 dati
1393 2727 1407 2777 ;
1437 2706 1725 2783 displicuit
1742 2708 2017 2785 pluribuS,
2054 2710 2135 2770 25

244 2816 305 2861 et
330 2802 527 2878 procul
555 2802 627 2859 ab
652 2821 720 2860 eo
738 2803 864 2861 loco
886 2801 1228 2875 infoderunt,
1250 2821 1362 2878 quo
1381 2815 1501 2861 erat
1522 2815 1790 2862 mortuus.
1872 2805 2019 2861 Inde

244 2896 526 2975 posterius
552 2897 661 2967 Dei
678 2897 943 2975 Delphici
969 2917 1238 2974 responso
1255 2910 1470 2973 erutus,
1489 2912 1654 2976 atque
1671 2901 1872 2958 eodem
1893 2900 2018 2958 loco

246 2994 518 3071 sepultus,
547 2992 647 3050 ubi
672 2993 842 3052 vitam
866 3006 1148 3071 posuerat.

868 3237 938 3294 V.
1019 3236 1399 3296 CIMON.

323 3368 372 3427 1.
457 3368 671 3440 Cimon,
714 3364 1001 3423 Miltiadis
1010 3366 1200 3442 filius,
1242 3365 1622 3438 Atheniensis,
1650 3366 1791 3426 duro
1828 3369 2014 3427 admo-

250 3466 384 3524 dum
409 3464 569 3523 initio
614 3483 749 3522 usus
795 3472 883 3520 est
923 3462 1334 3521 adolescentiae.
1428 3461 1599 3537 Nam,
1641 3483 1813 3539 quum
1855 3477 2014 3542 pater
2052 3464 2129 3522 30
