2492 4207
923 267 1369 321 ALCIBIADES.
2074 268 2152 329 33

238 427 569 488 exercitiis!
646 426 852 503 Neque
877 446 950 486 ea
973 447 1066 488 res
1094 429 1254 488 illum
1277 431 1487 490 fefellit.
1568 431 1721 491 Nam
1743 433 2036 510 Lysander

234 542 418 600 quum
442 543 547 601 per
574 523 959 600 speculatores
985 512 1377 601 comperisset,
1413 527 1642 603 vulgum
1669 528 2036 591 Atheniensi-

230 637 341 677 um
369 619 430 678 in
456 631 668 679 terram
706 619 1022 696 praedatum
1061 619 1270 695 exisse,
1312 639 1597 698 navesque
1628 624 1790 701 paene
1832 626 2035 686 inanes

231 715 494 788 relictas,
521 726 745 791 tempus
769 714 855 774 rei
880 717 1147 792 gerenda}
1172 736 1291 777 non
1325 717 1561 792 dimisit,
1603 737 1781 795 eoque
1822 722 2036 799 impetu

228 821 429 869 totum
456 810 668 869 bellum
690 810 914 870 delevit.
1057 840 1062 845 ·
2075 822 2117 878 5

326 904 437 964 IX.
517 906 600 965 At
626 905 979 981 Alcibiades,
1018 906 1182 967 victis
1229 909 1704 983 Atheniensibus,
1752 929 1865 982 non
1902 913 2041 974 satis

229 1012 371 1060 tuta
394 1003 597 1060 eadem
622 1001 749 1061 loca
774 1001 886 1061 sibi
915 1003 1236 1078 arbitratus,
1262 1004 1494 1081 penitus
1520 1006 1580 1063 in
1624 1006 1938 1065 Thraciam
1978 1029 2040 1068 se

214 1089 416 1173 supra
440 1097 844 1175 Propontidem
893 1099 1131 1172 abdidit,
1166 1112 1402 1177 sperans
1444 1101 1523 1158 ibi
1565 1101 1835 1160 facillime
1883 1121 2042 1161 suam

232 1191 529 1252 fortunam
543 1194 734 1253 occuli
749 1213 939 1271 posse.
1022 1194 1212 1258 Falso.
1298 1196 1453 1255 Nam
1469 1197 1730 1256 Thraces
1746 1204 2041 1275 postquam

238 1305 377 1345 eum
404 1307 535 1347 cum
563 1289 780 1367 magna
799 1290 1049 1366 pecunia
1090 1293 1317 1351 venisse
1359 1305 1679 1367 senserunt,
1722 1294 1958 1353 insidias
1983 1296 2038 1354 ei
2082 1297 2155 1354 1⁰

236 1383 542 1456 fecerunt-t
583 1385 684 1462 qui
725 1403 815 1460 ea,
862 1405 987 1462 quae
1041 1389 1377 1465 apportavit,
1421 1389 1812 1461 ¹abstulerunt3
1855 1391 2038 1468 ipsum

239 1497 449 1556 capere
474 1499 593 1540 non
619 1491 942 1557 potuerunt.
1025 1483 1134 1542 Ille
1159 1503 1408 1543 cernens
1433 1485 1655 1543 nullum
1700 1485 1890 1543 locum
1931 1486 2042 1545 sibi

154 1648 171 1667 ·
238 1586 430 1635 tutum
457 1577 519 1636 in
551 1577 781 1637 Graecia
820 1591 1049 1657 propter
1094 1581 1409 1657 potentiam
1456 1581 2038 1655 Lacedaemoniorum,

238 1672 321 1747 ad=
341 1673 785 1733 Pharnabazum
811 1674 874 1733 in
902 1675 1106 1734 Asiam
1132 1676 1394 1735 transiit:
1434 1695 1602 1760 quem
1639 1677 1869 1752 quidem
1897 1675 2040 1763 adeo
2129 1704 2138 1712 ·

239 1769 347 1826 sust
374 1770 526 1847 cepit
552 1770 929 1842 humanitate,
955 1781 1021 1829 ut
1046 1789 1181 1828 eum
1203 1790 1379 1829 nemo
1418 1772 1480 1828 in
1523 1771 1774 1830 amicitia
1817 1784 2043 1830 antece-
2084 1768 2157 1829 15

238 1864 417 1922 deret.
499 1864 766 1937 Namque
781 1863 838 1919 ei
853 1863 1141 1920 Granium
1155 1866 1395 1922 dederat
1408 1864 1470 1922 in
1485 1865 1755 1941 Phrygia,
1772 1879 2042 1939 castrum,

237 1978 317 2016 ex
346 1976 460 2033 quo
500 1950 921 2033 quinquagena
946 1958 1164 2016 talenta
1205 1958 1503 2033 vectigalis
1548 1959 1825 2036 capiebat.
1904 1960 2046 2023 Qua

241 2053 474 2114 fortuna
501 2052 836 2120 Alcibiades
863 2071 979 2114 non
1011 2065 1134 2112 erat
1175 2063 1503 2130 contentus,
1550 2068 1737 2131 neque
1783 2056 2044 2115 Athenas

241 2151 427 2210 victas
470 2149 926 2209 Lacedaemoniis
967 2150 1181 2209 servire
1223 2161 1447 2230 poterat
1489 2151 1626 2230 pati.
1724 2151 1926 2228 Itaque
1969 2153 2039 2211 ad

238 2246 488 2323 patriam
515 2245 873 2306 liberandam
897 2246 1056 2304 omni
1083 2246 1372 2306 ferebatur
1412 2243 1791 2325 cogitatione3
1833 2251 1935 2308 sed
1962 2250 2041 2306 vi·
2078 2251 2157 2307 20

240 2342 435 2418 debat,
465 2343 524 2401 id
551 2342 678 2401 sine
706 2340 874 2419 Rege
900 2342 1204 2400 Persarum
1244 2361 1363 2404 non
1397 2351 1564 2419 posse
1610 2344 1753 2417 fieri,
1801 2345 2041 2420 ideoque

240 2457 377 2497 eum
405 2432 661 2497 amicum*
695 2437 806 2495 sibi
853 2437 1121 2513 cupiebat
1161 2437 1417 2513 adjungi.
1498 2437 1704 2512 Neque
1746 2439 2040 2498 dubitabat

240 2532 416 2593 facile
443 2553 505 2592 se
531 2542 996 2604 consecuturum,
1019 2531 1068 2589 si
1096 2529 1267 2608 modo
1296 2531 1430 2607 ejus
1447 2533 1829 2592 conveniendi
1865 2534 2041 2592 habu-

240 2628 384 2687 isset
406 2623 761 2703 potestatem.
843 2624 1001 2683 Nam·
1023 2625 1241 2703 Oyrum
1270 2627 1500 2685 fratrem
1527 2625 1591 2686 ‘ei
1633 2627 1845 2688 bellum
1888 2630 2038 2688 clam

240 2740 468 2800 parare,
520 2720 973 2780 Lacedaemoniis
1036 2721 1454 2797 adjuvantibus,
1524 2723 1758 2783 sciebat.
1864 2724 1935 2782 Id
1989 2726 2037 2783 si
2073 2727 2153 2783 25

243 2816 579 2894 aperuisset,
601 2834 867 2894 magnam
894 2836 955 2875 se
983 2817 1258 2876 initurum
1285 2818 1526 2894 gratiam
1554 2819 1798 2878 videbat.

323 2913 401 2972 X.
484 2912 630 2971 Haec
662 2932 836 2989 quum
871 2913 1182 2984 moliretur,
1204 2925 1534 2990 peteretque
1568 2933 1603 2971 a
1637 2915 2034 2988 Pharnabazo,

246 3022 310 3068 ut
345 3010 419 3067 ad
446 3008 674 3085 Regem
708 3009 1043 3082 mitteretur,
1086 3010 1290 3067 eodem
1335 3021 1589 3086 tempore
1616 3009 1828 3068 Critias
1869 3022 2032 3069 caete-

248 3105 406 3181 rique
431 3103 663 3182 tyranni
690 3104 1131 3164 Atheniensium
1179 3117 1364 3164 certos
1407 3105 1667 3164 homines
1710 3105 1782 3163 ad
1820 3105 2035 3183 Lysan-

251 3200 415 3260 drum
441 3200 503 3259 in
532 3198 732 3258 Asiam
765 3199 1059 3274 miserunt,
1094 3201 1191 3276 qui
1232 3220 1367 3259 eum
1414 3200 1712 3260 certiorem
1759 3201 2031 3277 facerent,
2072 3205 2149 3263 30

251 3294 364 3353 nisi
415 3294 779 3355 Alcibiadem
833 3296 1170 3369 sustulisset,
1224 3297 1369 3355 nihil
1425 3314 1623 3354 earum
1672 3316 1861 3357 rerum
1915 3300 2032 3359 fore

254 3401 457 3464 ratum,
482 3407 622 3466 quas
651 3390 770 3467 ipse
799 3390 1044 3449 Athenis
1071 3391 1475 3451 constituisset.
1554 3391 1775 3467 Quare,
1819 3394 1867 3453 si
1904 3413 2034 3452 suas

258 3504 346 3544 res
398 3496 587 3563 gestas
634 3504 864 3544 manere
915 3487 1102 3559 vellet,
1156 3486 1317 3557 ‘dum
1381 3500 1826 3563 persequeretur.
1923 3488 2033 3546 His
