2492 4207
795 210 1358 275 THEMISTOCLES.
2106 210 2145 281 9

213 373 485 445 comitae,
514 384 577 430 ut
604 391 775 430 nemo
814 384 930 429 tam
979 372 1211 429 humilis
1253 383 1424 445 esset,
1469 372 1565 430 cui
1612 392 1729 431 non
1774 373 1845 430 ad
1895 389 2028 431 eum

210 468 410 527 aditus
433 478 693 543 pateret3
735 478 944 543 magna
970 467 1281 525 auctoritas
1320 468 1469 543 apud
1510 487 1711 527 omnes
1746 468 2024 540 civitates,

203 563 410 622 nobile
442 582 676 635 nomen,
704 564 829 621 laus
856 563 939 620 rei
966 561 1227 620 militaris
1256 562 1521 619 maxima.
1605 564 1752 621 Haec
1783 566 2028 640 populus

204 659 541 735 respiciens
569 659 765 717 maluit
785 678 919 716 eum
949 657 1245 716 innoxium
1275 658 1472 734 plecti,
1498 656 1670 734 quam
1712 678 1773 717 se
1809 657 2027 719 diutius

202 774 338 814 esse
372 755 442 812 in
472 755 689 813 timore.
1365 776 1374 779 “
2065 756 2105 814 5

594 944 625 981 »t

572 1139 670 1197 11.
756 1080 1665 1197 THEM‘Is'TocLEs.

282 1335 332 1393 Ι.
438 1334 857 1408 ἸἿιεηιίείοεῖεε,
906 1335 1108 1393 Neocli
1134 1333 1328 1412 filius,
1358 1334 1741 1394 Atheniensis.
1827 1334 2020 1413 Hujus

201 1432 343 1491 vitia
370 1426 636 1489 ineuntis
656 1428 1056 1489 'adolescentiae
1079 1431 1305 1507 magnis
1327 1441 1461 1490 sunt
1476 1432 1784 1489 emendata
1803 1431 2021 1491 virtuti·

200 1525 329 1598 bus,
360 1522 519 1582 adeo
538 1536 600 1582 ut
623 1526 965 1583 anteferatur
983 1526 1120 1583 huic
1141 1545 1333 1599 nemo,
1356 1526 1528 1601 pauci
1543 1546 1711 1602 pares
1728 1538 2017 1602 putentur.

202 1620 319 1677 Sed
350 1619 431 1679 ab
463 1619 627 1677 initlo
653 1631 740 1679 est
764 1620 1375 1695 ordiendum.-5-Pater
1404 1621 1528 1697 ejus
1575 1620 1826 1679 Neocles
1846 1641 2020 1698 gene·

186 1702 363 1773 &rosus
393 1714 526 1773 fuit.
574 1708 587 1731 ²
608 1714 668 1773 Is
708 1735 943 1773 uxorem
991 1716 1425 1788 Acharnanam,
1471 1715 1676 1788 civem,
1728 1717 1908 1788 duxit,
1946 1735 2019 1774 ex
2062 1717 2136 1774 10

199 1811 313 1885 qua
362 1812 544 1869 natus
582 1822 672 1868 est
717 1809 1158 1868 Themistocles.
1238 1809 1366 1871 Qui
1409 1829 1585 1885 quum
1632 1809 1824 1870 minus
1867 1824 2018 1870 esset

194 1907 484 1985 probatus
535 1903 888 1979 parentibus,
936 1901 1090 1979 quod
1143 1916 1202 1962 et
1248 1903 1485 1961 liberius
1537 1904 1762 1963 vivebat
1786 1917 1845 1963 et
1898 1924 2040 1965 rem„

197 1999 571 2058 familiarem.
595 1997 940 2073 negligebat,
971 2017 1006 2055 a
1046 2009 1207 2073 patre
1250 1998 1645 2059 exhaeredatus
1680 2012 1782 2057 est.
1864 1999 2016 2062 Quae

196 2092 565 2155 contumelia
586 2082 701 2151 n‘on
731 2092 899 2171 fregit
925 2113 1058 2151 eum
1087 2093 1188 2152 sed
1210 2092 1409 2153 erexit.
1492 2092 1649 2152 Nam
1675 2115 1850 2171 quum
1865 2095 2015 2173 judi·

198 2191 413 2262 cesset,
446 2179 574 2248 sine
601 2190 824 2247 summa
865 2189 1145 2248 industria
1186 2209 1304 2248 non
1344 2209 1511 2265 posse
1554 2209 1682 2248 eam
1731 2191 2010 2269 extingui,
2059 2195 2130 2250 15

195 2298 384 2344 totum
413 2304 479 2344 se
506 2284 726 2343 dedidit
753 2284 1103 2360 reipublicae,
1132 2268 1468 2362 diligentins
1497 2286 1699 2344 amicis
1735 2287 2011 2363 famaeque

199 2379 478 2439 serviens,
562 2378 813 2438 Multum
843 2380 901 2437 in
926 2380 1162 2456 judiciis
1181 2380 1418 2456 privatis
1443 2382 1775 2440 versabatur
1800 2403 1814 2451 3
1857 2381 2010 2458 saepe

198 2474 256 2532 in
285 2475 636 2534 concionem
660 2475 854 2551 populi
895 2475 1159 2551 prodibat
1176 2495 1191 2544 ;
1233 2476 1395 2532 nulla
1435 2493 1527 2532 res
1565 2476 1742 2550 major
1784 2476 1909 2534 sine
1940 2495 2012 2534 eo

198 2570 530 2643 gerebatur,
587 2568 962 2643 celeriterque
1029 2586 1153 2642 quae
1215 2587 1362 2644 opus
1430 2581 1594 2627 erant
1653 2569 1971 2645 reperiebat
1993 2591 2009 2642 ς

198 2682 389 2739 neque
414 2662 615 2722 'minus
642 2664 702 2719 in
729 2663 901 2720 rebus
927 2663 1194 2740 gerendis
1234 2675 1547 2739 promptus,
1585 2661 1756 2739 quam
1782 2666 2010 2743 excogi-
2047 2666 2127 2725 20

197 2753 416 2830 tandis,
447 2769 589 2830 erat,
611 2756 763 2832 quod
791 2769 849 2815 et
874 2758 947 2815 de
976 2758 1320 2816 instantibus
1351 2758 1442 2835 (ut
1481 2759 1558 2818 ait
1601 2759 2006 2838 Thucydides)

200 2851 502 2911 verissime
518 2852 832 2928 judicabat,
849 2865 906 2912 et
929 2854 1000 2911 de
1019 2854 1223 2912 futuris
1251 2853 1620 2913 callidissime
1642 2856 2006 2932 conjiciebat.

200 2945 337 3008 Quo
365 2948 587 3006 factum
612 2960 716 3021 est,
746 2961 808 3007 ut
835 2949 994 3007 brevi
1021 2961 1275 3025 tempore
1302 2949 1693 3010 illustraretur.

276 3041 357 3101 ΙΙ.
444 3041 673 3101 Primus
701 3057 889 3102 autem
915 3046 1129 3122 gradus
1158 3044 1265 3102 suit
1286 3048 1652 3121 capessendae
1675 3045 2003 3122 reipublicae

202 3135 348 3197 bello
377 3140 703 3216 Corcyraeo.
786 3141 882 3197 Ad
923 3142 1074 3216 quod
1120 3142 1439 3217 gerendum
1474 3154 1680 3218 praetor
1720 3162 1754 3200 a
1792 3147 2001 3220 populo
2039 3148 2118 3206 25

202 3230 403 3308 sactus,
435 3256 552 3295 non
581 3234 766 3294 solum
792 3237 1058 3311 praesenti
1087 3237 1235 3295 bello
1264 3237 1364 3294 sed
1404 3238 1576 3295 etiam
1621 3239 1835 3316 reliquo
1861 3252 2001 3302 tem-

202 3327 333 3399 'pore
356 3332 692 3390 lbrociorem
711 3331 959 3390 reddidit
985 3333 1293 3391 civitatem.
1376 3333 1436 3389 N
1440 3352 1531 3390 am
1559 3353 1731 3408 quum
1749 3338 1998 3413 pecunia
2053 3377 2056 3380 Ἴ

203 3424 448 3500 publica,
472 3446 597 3502 quae
619 3447 690 3485 ex
712 3427 956 3486 metallis
976 3429 1219 3500 redibat,
1241 3428 1543 3503 largitione
1564 3432 1995 3512 magistratuum
