2492 4207
306 332 386 395 80
1082 403 1086 407 ‚
1129 336 1481 393 EUMENES.

420 501 624 570 studio,
671 498 823 575 quod
872 500 932 559 in
973 499 1202 557 homine
1244 499 1415 557 fidem
1457 506 1515 556 et
1555 488 1891 556 industriam
1936 516 2213 575 magnam

418 597 644 655 videbat
661 616 681 676 ς,
703 580 834 657 vnon
862 595 1149 668 dubitanS,
1179 594 1227 652 si
1264 614 1396 652 eum
1436 593 1779 670 pellexisset,
1820 612 2029 670 magno
2074 596 2227 654 usui

420 693 536 761 sore
565 691 673 748 sibi
699 691 758 755 in
783 691 871 751 his
897 692 1085 765 rebus,
1114 690 1604 766 quas-apparabat.
1686 689 1994 766 Cogitabat
2029 690 2203 763 enim,

417 786 563 862 quod
594 785 712 844 fere
739 805 937 847 omnes
965 786 1023 843 in
1051 786 1275 869 magnis
1317 774 1566 861 imperiis
1612 785 2049 862 concupiscunt,
2091 803 2207 844 om·

339 885 379 939 5
417 883 576 940 nium
628 893 817 958 partes
869 880 1149 957 corripere
1198 893 1365 956 atque
1419 880 1736 956 complecti.
1819 880 2025 957 Neque
2072 880 2205 940 vero

418 979 526 1039 hoc
553 978 648 1036 ille
676 978 989 1037 solus'fecit
1013 997 1027 1046 3
1071 977 1172 1035 sed
1200 976 1631 1051 caeteri-quoque
1659 995 1880 1048 omnes,
1909 977 2005 1052 qui
2032 976 2210 1034 Alex·
2282 982 2285 983 ’

416 1074 578 1135 andri
617 1076 840 1132 fuerant
884 1071 1070 1133 amici.
1153 1072 1381 1130 Primus
1425 1072 1757 1131 Leonnatus
1803 1070 2206 1130 Macedoniam

417 1187 812 1244 praeoccupare
859 1167 1256 1227 destinaverat.
1339 1166 1398 1225 Is
1440 1160 1633 1224 multis
1675 1167 2008 1242 magnisque
2047 1165 2206 1242 polli-

418 1264 779 1323 citationibus
804 1263 1145 1339 persuadere
1193 1262 1441 1320 Eumeni
1484 1261 1719 1335 studuit,
1767 1273 1831 1320 ut
1870 1261 2205 1320 Perdiccam

306 1361 385 1417 10'
418 1361 718 1431 desereret,
749 1378 818 1417 ac
840 1377 1037 1417 secum
1065 1356 1280 1417 faceret
1325 1357 1674 1417 societatem.
1756 1356 1956 1419 Quum
1990 1357 2207 1467 perdu-

417 1475 545 1512 cere
572 1474 705 1515 eum
721 1474 847 1513 non
872 1465 1082 1532 posset,
1112 1453 1432 1512 interficere
1456 1465 1697 1521 conatus
1723 1463 1848 1522 est3
1876 1464 1936 1511 et
1953 1451 2204 1524 fecisset,

329 1534 334 1541 '
415 1550 524 1607 nisi
552 1550 646 1607 ille
674 1551 823 1608 clam
850 1550 1023 1608 noctu
1058 1569 1129 1607 ex
1154 1548 1432 1625 praesidiis
1459 1549 1584 1625 ejus
1610 1547 1919 1624 effugisset.

492 1645 605 1702 ΠΙ.
685 1645 923 1704 Interim
950 1644 1196 1703 conflata
1223 1655 1357 1703 sunt
1384 1643 1482 1701 illa
1522 1643 1691 1716 bella,
1740 1660 1864 1717 quae
1914 1643 1984 1699 ad
2025 1642 2206 1703 ,inter-

415 1729 715 1801 necionem
740 1753 867 1817 post
892 1740 1211 1798 Alexandri
1235 1751 1475 1815 mortem
1502 1749 1664 1815 gesta
1685 1749 1849 1795 sunt:
1891 1756 2203 1813 omnesque

303 1838 375 1894 15
417 1836 926 1911 concurrerunt'ad
954 1835 1289 1899 Perdiccam
1326 1833 1775 1912 opprimendum.
1854 1831 2049 1893 Quem
2092 1832 2203 1889 etsi

416 1918 700 1989 infirmum
738 1931 983 2010 videbat,
1031 1928 1182 2007 quod
1229 1950 1382 1991 unus
1421 1928 1686 2007 omnibus
1731 1927 1993 1986 resistere
2040 1946 2206 2004 coge·

414 2026 597 2097 batur,
620 2039 811 2084 tamen
841 2027 1088 2084 amic'um
1115 2045 1231 2097 non
1256 2025 1544 2093 deseruit3
1586 2042 1769 2098 neque
1792 2021 2203 2098 salutiS,'quam

412 2120 564 2191 fidei,
589 2121 694 2179 fuit
722 2121 995 2196 cupidior.
1077 2121 1419 2181 Praefecerat
1444 2113 1911 2177 eum'Perdiccas
1959 2120 2013 2175 ei
2058 2118 2205 2193 parti

414 2212 589 2284 Asiae,
631 2232 755 2287 quae
784 2213 931 2271 inter
978 2213 1239 2271 Taurum
1282 2226 1533 2273 montem
1571 2215 1727 2291 jacet
1771 2226 1937 2288 atque
1982 2213 2205 2271 Helles-

296 2311 373 2367 20
411 2307 677 2385 pontum3
719 2320 777 2366 et
803 2308 963 2370 illum
980 2328 1158 2367 unum
1176 2322 1516 2387 opposuerat
1531 2308 2200 2385 Europaeis'adversariis

412 2403 543 2481 Ipse
572 2402 885 2481 AEgyptum
924 2418 1310 2481 oppugnatum
1351 2402 1620 2463 adversus
1666 2404 2034 2463 Ptolemaeum
2083 2416 2207 2464 erat

409 2499 709 2575 profectus.
793 2499 1088 2559 Eumenes
1109 2520 1284 2576 quum
1311 2520 1495 2576 neque
1518 2499 1998 2576 magnascopias,
2017 2517 2200 2582 neque

411 2581 599 2653 firmas
642 2595 891 2667 haberet,
936 2594 1087 2671 quod
1131 2595 1535 2667 inexercitatae,
1562 2607 1638 2662 ,et
1679 2614 1795 2656 non
1842 2592 2022 2652 multo
2067 2593 2199 2652 ante

410 2700 574 2768 erant
608 2701 952 2759 contractae3
998 2691 1303 2748 adventare
1352 2703 1541 2749 autem
1584 2690 1930 2762 dicerentur,
1978 2688 2202 2747 Helles-

293 2785 370 2846 25
403 2794 756 2860 pontumque
782 2784 1053 2844 transisse
1084 2785 1387 2861 Antipater
1413 2797 1472 2843 et
1499 2785 1788 2857 CratemS,
1835 2804 2046 2862 magno
2067 2804 2198 2843 cum

408 2880 661 2939 exercitu
690 2879 1094 2952 Macedonum,
1124 2880 1228 2937 viri
1255 2900 1428 2957 quum
1456 2879 1733 2953 claritate,
1782 2892 1903 2938 tum
1929 2900 2038 2939 usu
2065 2881 2199 2938 belli

407 2987 767 3051 praestantes:
813 2974 1193 3051 (Macedones
1209 2975 1343 3034 vero
1366 2976 1574 3037 milites
1592 2975 1664 3033 ea
1684 2988 1823 3034 tunc
1839 2988 2006 3040 erant
2025 2977 2196 3048 fama,

408 3070 520 3145 qua
546 3090 702 3129 nunc
731 3070 980 3129 Romani
1009 3072 1267 3129 feruntur
1290 3092 1305 3140 3
1348 3071 1559 3129 etenim
1589 3090 1810 3148 semper
1839 3072 2018 3131 habiti
2065 3085 2199 3131 sunt

310 3235 320 3245 ⁸
408 3164 715 3237 fortissimi,
757 3165 854 3241 qui
896 3184 1176 3223 summam
1219 3166 1441 3242 imperii
1482 3168 1796 3242 potirentur
1819 3169 1864 3246 3)
1908 3169 2199 3226 Eumenes

291 3262 369 3321 30
409 3260 777 3336 intelligebat,
807 3262 854 3319 si
902 3260 1079 3337 copiae
1122 3280 1238 3319 suae
1287 3276 1699 3337 cognoscerent
1744 3259 2014 3322 adversus
2061 3282 2198 3339 quos

409 3358 769 3428 ducerentur,
799 3376 913 3415 non
941 3354 1110 3414 modo
1138 3375 1254 3414 non
1275 3356 1478 3429 ituraS,
1509 3359 1609 3416 sed
1636 3358 1803 3416 simul
1832 3378 1965 3416 cum
1999 3358 2201 3417 nuntio

406 3453 735 3528 dilapsuras.
818 3452 1018 3528 Itaque
1062 3453 1171 3510 hoc
1220 3451 1344 3527 ejus
1376 3452 1482 3510 fuit
1520 3453 2026 3532 prudentissimum
2068 3474 2202 3512 con-

403 3537 630 3620 silium,
668 3559 729 3607 ut
771 3547 948 3604 deviis
995 3546 1294 3637 itineribus
1335 3547 1542 3605 milites
1590 3550 1843 3622 duceret,
1894 3549 1953 3607 in
1996 3550 2201 3624 quibus
